@article{Loizides:2014vua,
      author         = "Loizides, C. and Nagle, J. and Steinberg, P.",
      title          = "{Improved version of the PHOBOS Glauber Monte Carlo}",
      journal        = "SoftwareX",
      volume         = "1-2",
      pages          = "13",
      year           = "2015",
}
%      note           = "{arXiv:1408.2549}",
%      year           = "2014",
%      doi            = "10.1016/j.softx.2015.05.001",
%      note           = "[SoftwareX1-2,13(2015)]",
%      eprint         = "1408.2549",
%      archivePrefix  = "arXiv",
%      primaryClass   = "nucl-ex",
%      SLACcitation   = "%%CITATION = ARXIV:1408.2549;%%"



@unpublished{Eskola:2009uj,
      author         = "Eskola, K. J. and Paukkunen, H. and Salgado, C. A.",
      title          = "{EPS09: A New Generation of NLO and LO Nuclear Parton
                        Distribution Functions}",
              note   = "{J. High Energy Phys. {\bf 04 (2009)} 065}"
}
%      journal        = "JHEP",
%      volume         = "04",
%      year           = "2009",
%      pages          = "065",
%      doi            = "10.1088/1126-6708/2009/04/065",
%      eprint         = "0902.4154",
%      archivePrefix  = "arXiv",
%      primaryClass   = "hep-ph",
%      SLACcitation   = "%%CITATION = ARXIV:0902.4154;%%"


%=======        
@article{Aaboud:2017cif,
      author         = "Aaboud, M. and others",
      title          = "{Measurement of quarkonium production in proton–lead
                        and proton–proton collisions at $5.02~\mathrm {TeV}$
                        with the ATLAS detector}",
      collaboration  = "ATLAS Collaboration",
      journal        = "Eur. Phys. J. C",
      volume         = "78",
      year           = "2018",
      number         = "3",
      pages          = "171",
      doi            = "10.1140/epjc/s10052-018-5624-4",
      } %eprint          = "1709.03089",
      % archivePrefix  = "arXiv",
      % primaryClass   = "nucl-ex",
      % reportNumber   = "CERN-EP-2017-197, CERN-PH-EP-2017-197",
      % SLACcitation   = "%%CITATION = ARXIV:1709.03089;%%"
%=======       
@article{Aad:2015ddl,
      author         = "Aad, G. and others",
      title          = "{Measurement of differential $J/\psi$ production cross
                        sections and forward-backward ratios in $p$$+$Pb
                        collisions with the ATLAS detector}",
      collaboration  = "ATLAS Collaboration",
      journal        = "Phys. Rev. C",
      volume         = "92",
      year           = "2015",
      number         = "3",
      pages          = "034904",
      doi            = "10.1103/PhysRevC.92.034904",
      } % eprint          = "1505.08141",
      % archivePrefix  = "arXiv",
      % primaryClass   = "hep-ex",
      % reportNumber   = "CERN-PH-EP-2015-103",
      % SLACcitation   = "%%CITATION = ARXIV:1505.08141;%%"
%=======       
@misc{Aaij:2016eyl,
     author         = "Aaij, R. and others",
     title          = "{Study of $\psi(2S)$ production and cold nuclear matter
                       effects in $p$Pb collisions at
                       $\sqrt{s_{NN}}=5~\mathrm{TeV}$}",
     collaboration  = "LHCb Collaboration",
             note   = "{J. High Energy Phys. {\bf 03 (2016)} 133}"
}
%     journal        = "JHEP",
%     volume         = "03",
%     year           = "2016",
%     pages          = "133",
%     doi            = "10. 1007/JHEP03(2016)133",
     % eprint          = "1601. 07878",
     % archivePrefix  = "arXiv",
     % primaryClass   = "nucl-ex",
     % reportNumber   = "LHCB-PAPER-2015-058, CERN-EP-2016-011,
                       LHCb-PAPER-2015-058; CERN-EP-2016-011",
     % SLACcitation   = "%%CITATION = ARXIV:1601. 07878;%%"
%=======       
@article{Abelev:2013ila,
      author         = "Abelev, B. B. and others",
      title          = "{Centrality, rapidity and transverse momentum dependence
                        of $J/\psi$ suppression in Pb$-$Pb collisions at
                        $\sqrt{s_{NN}}$=2.76 TeV}",
      collaboration  = "ALICE Collaboration",
      journal        = "Phys. Lett. B",
      volume         = "734",
      year           = "2014",
      pages          = "314",
      doi            = "10.1016/j.physletb.2014.05.064",
      } % eprint          = "1311.0214",
      % archivePrefix  = "arXiv",
      % primaryClass   = "nucl-ex",
      % reportNumber   = "CERN-PH-EP-2013-203",
      % SLACcitation   = "%%CITATION = ARXIV:1311.0214;%%"
%=======       
@misc{Abelev:2013yxa,
     author         = "Abelev, B. B. and others",
     title          = "{$J/\psi$ production and nuclear effects in $p$-Pb
                       collisions at $\sqrt{s_{NN}}$ = 5. 02 TeV}",
     collaboration  = "ALICE Collaboration",
              note   = "{J. High Energy Phys. {\bf 02 (2014)} 073}"
}
%     journal        = "JHEP",
%     volume         = "02",
%     year           = "2014",
%     pages          = "073",
%     doi            = "10. 1007/JHEP02(2014)073",
     % eprint          = "1308. 6726",
     % archivePrefix  = "arXiv",
     % primaryClass   = "nucl-ex",
     % reportNumber   = "CERN-PH-EP-2013-163, ALICE-PUBLIC-2013-002",
     % SLACcitation   = "%%CITATION = ARXIV:1308. 6726;%%"
%=======       
@misc{Abelev:2014zpa,
     author         = "Abelev, B. B. and others",
     title          = "{Suppression of $\psi(2S)$ production in $p$-Pb collisions
                       at $\sqrt{s_{NN}}$ = 5. 02 TeV}",
     collaboration  = "ALICE Collaboration",
              note   = "{J. High Energy Phys. {\bf 12 (2014)} 073}"
}
%     journal        = "JHEP",
%     volume         = "12",
%     year           = "2014",
%     pages          = "073",
%     doi            = "10. 1007/JHEP12(2014)073",
     % eprint          = "1405. 3796",
     % archivePrefix  = "arXiv",
     % primaryClass   = "nucl-ex",
     % reportNumber   = "CERN-PH-EP-2014-092",
     % SLACcitation   = "%%CITATION = ARXIV:1405. 3796;%%"
@article{Abreu:2000ni,
      author         = "Abreu, M. C. and others",
      title          = "{Evidence for deconfinement of quarks and gluons from the
                        $J/\psi$ suppression pattern measured in Pb$+$Pb collisions
                        at the CERN SPS}",
      collaboration  = "NA50 Collaboration",
      journal        = "Phys. Lett. B",
      volume         = "477",
      year           = "2000",
      pages          = "28",
      doi            = "10.1016/S0370-2693(00)00237-9",
      reportNumber   = "CERN-EP-2000-013",
      SLACcitation   = "%%CITATION = PHLTA,B477,28;%%"
}
@article{Adachi:2013qha,
      author         = "Adachi, S. and others",
      title          = "{Trigger electronics upgrade of PHENIX muon tracker}",
      journal        = "Nucl. Instrum. Methods Phys. Res., Sec. A",
      volume         = "703",
      year           = "2013",
      pages          = "114",
      doi            = "10.1016/j.nima.2012.11.088",
      SLACcitation   = "%%CITATION = NUIMA,A703,114;%%"
}

@misc{Adam:2015iga,
      author         = "Adam, J. and others",
      title          = "{Rapidity and transverse-momentum dependence of the
                        inclusive $J/\psi$ nuclear modification factor in $p$-Pb
                        collisions at $ \sqrt{s_{N\ N}} =$ 5.02 TeV}",
      collaboration  = "ALICE Collaboration",
              note   = "{J. High Energy Phys. {\bf 06 (2015)} 055}"
}
%      journal        = "JHEP",
%      volume         = "06",
%      year           = "2015",
%      pages          = "055",
%      doi            = "10.1007/JHEP06(2015)055",
%      eprint         = "1503.07179",
%      archivePrefix  = "arXiv",
%      primaryClass   = "nucl-ex",
%      reportNumber   = "CERN-PH-EP-2015-030",
%      SLACcitation   = "%%CITATION = ARXIV:1503.07179;%%"


@misc{Adam:2015jsa,
      author         = "Adam, J. and others",
      title          = "{Centrality dependence of inclusive $J/\psi$ production in
                        $p$-Pb collisions at $ \sqrt{s_{\mathrm{NN}}}=5.02 $ TeV}",
      collaboration  = "ALICE Collaboration",
              note   = "{J. High Energy Phys. {\bf 11 (2015)} 127}"
}
%      journal        = "JHEP",
%      volume         = "11",
%      year           = "2015",
%      pages          = "127",
%      doi            = "10.1007/JHEP11(2015)127",
%      eprint         = "1506.08808",
%      archivePrefix  = "arXiv",
%      primaryClass   = "nucl-ex",
%      reportNumber   = "CERN-PH-EP-2015-158",
%      SLACcitation   = "%%CITATION = ARXIV:1506.08808;%%"


@misc{Adam:2016ohd,
      author         = "Adam, J. and others",
      title          = "{Centrality dependence of $\mathbf{\psi}$(2S) suppression
                        in $p$-Pb collisions at $\mathbf{\sqrt{{\textit s}_{\rm
                        NN}}}$ = 5.02 TeV}",
      collaboration  = "ALICE Collaboration",
              note   = "{J. High Energy Phys. {\bf 06 (2016)} 050}"
}
%      journal        = "JHEP",
%      volume         = "06",
%      year           = "2016",
%      pages          = "050",
%      doi            = "10.1007/JHEP06(2016)050",
%      eprint         = "1603.02816",
%      archivePrefix  = "arXiv",
%      primaryClass   = "nucl-ex",
%      reportNumber   = "CERN-EP-2016-046",
%      SLACcitation   = "%%CITATION = ARXIV:1603.02816;%%"


@article{Adam:2018jmp,
      author         = "Adam, J. and others",
      title          = "{$J/\psi$ production cross section and its dependence on
                        charged-particle multiplicity in $p + p$ collisions at
                        $\sqrt{s}$ = 200 GeV}",
      collaboration  = "STAR Collaboration",
      journal        = "Phys. Lett. B",
      volume         = "786",
      year           = "2018",
      pages          = "87",
      doi            = "10.1016/j.physletb.2018.09.029",
}
%      eprint         = "1805.03745",
%      archivePrefix  = "arXiv",
%      primaryClass   = "hep-ex",
%      SLACcitation   = "%%CITATION = ARXIV:1805.03745;%%"


@article{Adamczyk:2013tvk,
      author         = "Adamczyk, L. and others",
      title          = "{$J/\psi$ production at low $p_T$ in Au$+$Au and Cu$+$Cu
                        collisions at $\sqrt{s_{NN}}=200$ GeV with the STAR
                        detector}",
      collaboration  = "STAR Collaboration",
      journal        = "Phys. Rev. C",
      volume         = "90",
      year           = "2014",
      number         = "2",
      pages          = "024906",
      doi            = "10.1103/PhysRevC.90.024906",
}
%      eprint         = "1310.3563",
%      archivePrefix  = "arXiv",
%      primaryClass   = "nucl-ex",
%      SLACcitation   = "%%CITATION = ARXIV:1310.3563;%%"


@article{Adamczyk:2016dhc,
      author         = "Adamczyk, L. and others",
      title          = "{$J/\psi$ production at low transverse momentum in
                        $p$+$p$ and $d$+Au collisions at $\sqrt{s_{NN}}$ = 200 GeV}",
      collaboration  = "STAR Collaboration",
      journal        = "Phys. Rev. C",
      volume         = "93",
      year           = "2016",
      number         = "6",
      pages          = "064904",
      doi            = "10.1103/PhysRevC.93.064904",
}
%      eprint         = "1602.02212",
%      archivePrefix  = "arXiv",
%      primaryClass   = "nucl-ex",
%      SLACcitation   = "%%CITATION = ARXIV:1602.02212;%%"


@article{Adams:2005dq,
      author         = "Adams, J. and others",
      title          = "{Experimental and theoretical challenges in the search
                        for the quark gluon plasma: The STAR Collaboration's
                        critical assessment of the evidence from RHIC collisions}",
      collaboration  = "STAR Collaboration",
      journal        = "Nucl. Phys. A",
      volume         = "757",
      year           = "2005",
      pages          = "102",
      doi            = "10.1016/j.nuclphysa.2005.03.085",
}
%      eprint         = "nucl-ex/0501009",
%      archivePrefix  = "arXiv",
%      primaryClass   = "nucl-ex",
%      SLACcitation   = "%%CITATION = NUCL-EX/0501009;%%"

@article{Adare:2006ns,
      author         = "Adare, A. and others",
      title          = "{$J/\psi$ Production vs Centrality, Transverse Momentum,
                        and Rapidity in Au$+$Au Collisions at $\sqrt{s_{NN}} = 200$
                        GeV}",
      collaboration  = "PHENIX Collaboration",
      journal        = "Phys. Rev. Lett.",
      volume         = "98",
      year           = "2007",
      pages          = "232301",
      doi            = "10.1103/PhysRevLett.98.232301",
}
%      eprint         = "nucl-ex/0611020",
%      archivePrefix  = "arXiv",
%      primaryClass   = "nucl-ex",
%      SLACcitation   = "%%CITATION = NUCL-EX/0611020;%%"

@article{Adare:2008sh,
      author         = "Adare, A. and others",
      title          = "{$J/\psi$ Production in $\sqrt{s_{NN}}=200$ GeV Cu$+$Cu
                        Collisions}",
      collaboration  = "PHENIX Collaboration",
      journal        = "Phys. Rev. Lett.",
      volume         = "101",
      year           = "2008",
      pages          = "122301",
      doi            = "10.1103/PhysRevLett.101.122301",
}
%      eprint         = "0801.0220",
%      archivePrefix  = "arXiv",
%      primaryClass   = "nucl-ex",
%      SLACcitation   = "%%CITATION = ARXIV:0801.0220;%%"

@article{Adare:2009qk,
      author         = "Adare, A. and others",
      title          = "{Detailed measurement of the $e^+ e^-$ pair continuum in
                        $p+p$ and Au+Au collisions at $\sqrt{s_{NN}} = 200$ GeV
                        and implications for direct photon production}",
      collaboration  = "PHENIX Collaboration",
      journal        = "Phys. Rev. C",
      volume         = "81",
      year           = "2010",
      pages          = "034911",
      doi            = "10.1103/PhysRevC.81.034911",
}
%      eprint         = "0912.0244",
%      archivePrefix  = "arXiv",
%      primaryClass   = "nucl-ex",
%      SLACcitation   = "%%CITATION = ARXIV:0912.0244;%%"

@article{Adare:2010de,
      author         = "Adare, A. and others",
      title          = "{Heavy Quark Production in $p$$+$$p$ and Energy Loss and Flow
                        of Heavy Quarks in Au$+$Au Collisions at $\sqrt{s_{NN}}=200$
                        GeV}",
      collaboration  = "PHENIX Collaboration",
      journal        = "Phys. Rev. C",
      volume         = "84",
      year           = "2011",
      pages          = "044905",
      doi            = "10.1103/PhysRevC.84.044905",
}
%      eprint         = "1005.1627",
%      archivePrefix  = "arXiv",
%      primaryClass   = "nucl-ex",
%      SLACcitation   = "%%CITATION = ARXIV:1005.1627;%%"



@article{Adare:2010fn,
      author         = "Adare, A. and others",
      title          = "{Cold Nuclear Matter Effects on $J/\psi$ Yields as a
                        Function of Rapidity and Nuclear Geometry in Deuteron-Gold
                        Collisions at $\sqrt{s_{NN}}=200$ GeV}",
      collaboration  = "PHENIX Collaboration",
      journal        = "Phys. Rev. Lett.",
      volume         = "107",
      year           = "2011",
      pages          = "142301",
      doi            = "10.1103/PhysRevLett.107.142301",
}
%      eprint         = "1010.1246",
%      archivePrefix  = "arXiv",
%      primaryClass   = "nucl-ex",
%      SLACcitation   = "%%CITATION = ARXIV:1010.1246;%%"


@article{Adare:2011vq,
      author         = "Adare, A. and others",
      title          = "{Ground and excited charmonium state production in $p$$+$$p$
                        collisions at $\sqrt{s}=200$ GeV}",
      collaboration  = "PHENIX Collaboration",
      journal        = "Phys. Rev. D",
      volume         = "85",
      year           = "2012",
      pages          = "092004",
      doi            = "10.1103/PhysRevD.85.092004",
}
%      eprint         = "1105.1966",
%      archivePrefix  = "arXiv",
%      primaryClass   = "hep-ex",
%      SLACcitation   = "%%CITATION = ARXIV:1105.1966;%%"

@article{Adare:2012qf,
      author         = "Adare, A. and others",
      title          = "{Transverse-Momentum Dependence of the $J/\psi$ Nuclear
                        Modification in $d$$+$Au Collisions at $\sqrt{s_{NN}}=200$
                        GeV}",
      collaboration  = "PHENIX Collaboration",
      journal        = "Phys. Rev. C",
      volume         = "87",
      year           = "2013",
      number         = "3",
      pages          = "034904",
      doi            = "10.1103/PhysRevC.87.034904",
}
%      eprint         = "1204.0777",
%      archivePrefix  = "arXiv",
%      primaryClass   = "nucl-ex",
%      SLACcitation   = "%%CITATION = ARXIV:1204.0777;%%"



@article{Adare:2013ezl,
      author         = "Adare, A. and others",
      title          = "{Nuclear Modification of $\psi \prime$, $\chi_c$, and $\jpsi$
                        Production in $d$$+$Au Collisions at $\sqrt{s_{NN}}$=200 
                        GeV}",
      collaboration  = "PHENIX Collaboration",
      journal        = "Phys. Rev. Lett.",
      volume         = "111",
      year           = "2013",
      number         = "20",
      pages          = "202301",
      doi            = "10.1103/PhysRevLett.111.202301",
}
%      eprint         = "1305.5516",
%      archivePrefix  = "arXiv",
%      primaryClass   = "nucl-ex",
%      SLACcitation   = "%%CITATION = ARXIV:1305.5516;%%"

@article{Adare:2013lkk,
      author         = "Adare, A. and others",
      title          = "{Cold-Nuclear-Matter Effects on Heavy-Quark Production at
                        Forward and Backward Rapidity in $d$$+$Au Collisions at
                        $\sqrt{s_{NN}}=200 $  GeV}",
      collaboration  = "PHENIX Collaboration",
      journal        = "Phys. Rev. Lett.",
      volume         = "112",
      year           = "2014",
      number         = "25",
      pages          = "252301",
      doi            = "10.1103/PhysRevLett.112.252301",
}
%      eprint         = "1310.1005",
%      archivePrefix  = "arXiv",
%      primaryClass   = "nucl-ex",
%      SLACcitation   = "%%CITATION = ARXIV:1310.1005;%%"



@article{Adare:2013nff,
      author         = "Adare, A. and others",
      title          = "{Centrality categorization for $R_{p(d)+A}$ in high-energy
                        collisions}",
      collaboration  = "PHENIX Collaboration",
      journal        = "Phys. Rev. C",
      volume         = "90",
      year           = "2014",
      number         = "3",
      pages          = "034902",
      doi            = "10.1103/PhysRevC.90.034902",
}
%      eprint         = "1310.4793",
%      archivePrefix  = "arXiv",
%      primaryClass   = "nucl-ex",
%      SLACcitation   = "%%CITATION = ARXIV:1310.4793;%%"


@article{Adare:2013piz,
      author         = "Adare, A. and others",
      title          = "{Quadrupole Anisotropy in Dihadron Azimuthal Correlations
                        in Central $d$$+$Au Collisions at $\sqrt{s_{_{NN}}}$=200
                        GeV}",
      collaboration  = "PHENIX Collaboration",
      journal        = "Phys. Rev. Lett.",
      volume         = "111",
      year           = "2013",
      number         = "21",
      pages          = "212301",
      doi            = "10.1103/PhysRevLett.111.212301",
}
%      eprint         = "1303.1794",
%      archivePrefix  = "arXiv",
%      primaryClass   = "nucl-ex",
%      SLACcitation   = "%%CITATION = ARXIV:1303.1794;%%"


@article{Adare:2014keg,
      author         = "Adare, A. and others",
      title          = "{Measurement of long-range angular correlation and
                        quadrupole anisotropy of pions and (anti)protons in
                        central $d$$+$Au collisions at $\sqrt{s_{_{NN}}}$=200
                        GeV}",
      collaboration  = "PHENIX Collaboration",
      journal        = "Phys. Rev. Lett.",
      volume         = "114",
      year           = "2015",
      number         = "19",
      pages          = "192301",
      doi            = "10.1103/PhysRevLett.114.192301",
}
%      eprint         = "1404.7461",
%      archivePrefix  = "arXiv",
%      primaryClass   = "nucl-ex",
%      SLACcitation   = "%%CITATION = ARXIV:1404.7461;%%"


@article{Adare:2015ctn,
      author         = "Adare, A. and others",
      title          = "{Measurements of elliptic and triangular flow in
                        high-multiplicity $^{3}$He$+$Au collisions at
                        $\sqrt{s_{_{NN}}}=200$ GeV}",
      collaboration  = "PHENIX Collaboration",
      journal        = "Phys. Rev. Lett.",
      volume         = "115",
      year           = "2015",
      number         = "14",
      pages          = "142301",
      doi            = "10.1103/PhysRevLett.115.142301",
}
%      eprint         = "1507.06273",
%      archivePrefix  = "arXiv",
%      primaryClass   = "nucl-ex",
%      SLACcitation   = "%%CITATION = ARXIV:1507.06273;%%"


@article{Adare:2016psx,
      author         = "Adare, A. and others",
      title          = "{Measurement of the relative yields of $\psi(2S)$ to
                        $\psi(1S)$ mesons produced at forward and backward
                        rapidity in $p$$+$$p$, $p$$+$Al, $p$$+$Au, and
                        $^{3}$He$+$Au collisions at $\sqrt{s_{_{NN}}}=200$ GeV}",
      collaboration  = "PHENIX Collaboration",
      journal        = "Phys. Rev. C",
      volume         = "95",
      year           = "2017",
      number         = "3",
      pages          = "034904",
      doi            = "10.1103/PhysRevC.95.034904",
}
%      eprint         = "1609.06550",
%      archivePrefix  = "arXiv",
%      primaryClass   = "nucl-ex",
%      SLACcitation   = "%%CITATION = ARXIV:1609.06550;%%"


@article{Adare:2017wlc,
      author         = "Adare, A. and others",
      title          = "{Measurements of mass-dependent azimuthal anisotropy in
                        central $p$$+$Au, $d$$+$Au, and $^3$He$+$Au collisions at
                        $\sqrt{s_{_{NN}}}=200$ GeV}",
      collaboration  = "PHENIX Collaboration",
      journal        = "Phys. Rev. C",
      volume         = "97",
      year           = "2018",
      pages          = "064904",
      doi            = "10.1103/PhysRevC.97.064904",
}
%      eprint         = "1710.09736",
%      archivePrefix  = "arXiv",
%      primaryClass   = "nucl-ex",
%      SLACcitation   = "%%CITATION = ARXIV:1710.09736;%%"


@article{Adare:2018toe,
      author         = "Adare, A. and others",
      title          = "{Pseudorapidity Dependence of Particle Production and
                        Elliptic Flow in Asymmetric Nuclear Collisions of
                        $p$$+$Al, $p$$+$Au, $d$$+$Au, and $^{3}$He$+$Au at
                        $\sqrt{s_{_{NN}}}=200$ GeV}",
      collaboration  = "PHENIX Collaboration",
      journal        = "Phys. Rev. Lett.",
      volume         = "121",
      year           = "2018",
      number         = "22",
      pages          = "222301",
      doi            = "10.1103/PhysRevLett.121.222301",
}
%      eprint         = "1807.11928",
%      archivePrefix  = "arXiv",
%      primaryClass   = "nucl-ex",
%      SLACcitation   = "%%CITATION = ARXIV:1807.11928;%%"



@article{Adcox:2003zm,
      author         = "Adcox, K. and others",
      title          = "{PHENIX detector overview}",
      collaboration  = "PHENIX Collaboration",
      journal        = "Nucl. Instrum. Methods Phys. Res., Sec. A",
      volume         = "499",
      year           = "2003",
      pages          = "469",
      doi            = "10.1016/S0168-9002(02)01950-2",
      SLACcitation   = "%%CITATION = NUIMA,A499,469;%%"
}

@article{Adcox:2004mh,
      author         = "Adcox, K. and others",
      title          = "{Formation of dense partonic matter in relativistic
                        nucleus-nucleus collisions at RHIC: Experimental
                        evaluation by the PHENIX collaboration}",
      collaboration  = "PHENIX Collaboration",
      journal        = "Nucl. Phys. A",
      volume         = "757",
      year           = "2005",
      pages          = "184",
      doi            = "10.1016/j.nuclphysa.2005.03.086",
}
%      eprint         = "nucl-ex/0410003",
%      archivePrefix  = "arXiv",
%      primaryClass   = "nucl-ex",
%      SLACcitation   = "%%CITATION = NUCL-EX/0410003;%%"

@article{Adler:2003pb,
      author         = "Adler, S. S. and others",
      title          = "{Mid-rapidity neutral pion production in proton proton
                        collisions at $\sqrt{s}=200~\mathrm{GeV}$}",
      collaboration  = "PHENIX Collaboration",
      journal        = "Phys. Rev. Lett.",
      volume         = "91",
      year           = "2003",
      pages          = "241803",
      doi            = "10.1103/PhysRevLett.91.241803",
}
%      eprint         = "hep-ex/0304038",
%      archivePrefix  = "arXiv",
%      primaryClass   = "hep-ex",
%      SLACcitation   = "%%CITATION = HEP-EX/0304038;%%"


@article{Aidala:2013vna,
      author         = "Aidala, C. and others",
      title          = "{The PHENIX Forward Silicon Vertex Detector}",
      journal        = "Nucl. Instrum. Methods Phys. Res., Sec. A",
      volume         = "755",
      year           = "2014",
      pages          = "44",
      doi            = "10.1016/j.nima.2014.04.017",
}
%      eprint         = "1311.3594",
%      archivePrefix  = "arXiv",
%      primaryClass   = "physics.ins-det",
%      SLACcitation   = "%%CITATION = ARXIV:1311.3594;%%"


@article{Aidala:2018ajl,
      author         = "Aidala, C. and others",
      title          = "{Measurements of $\mu\mu$ pairs from open heavy flavor
                        and Drell-Yan in $p$$+$$p$ collisions at $\sqrt{s}=200$ GeV}",
      collaboration  = "PHENIX Collaboration",
      journal        = "Phys. Rev. D",
      volume         = "99",
      year           = "2019",
      number         = "7",
      pages          = "072003",
      doi            = "10.1103/PhysRevD.99.072003",
}
%      eprint         = "1805.02448",
%      archivePrefix  = "arXiv",
%      primaryClass   = "hep-ex",
%      SLACcitation   = "%%CITATION = ARXIV:1805.02448;%%"


@misc{Aidala:2019cnn,
      author         = "Aidala, C. and others",
      title          = "{Nuclear-modification factor of charged hadrons at
                        forward and backward rapidity in $p$$+$Al and $p$$+$Au
                        collisions at $\sqrt{s_{_{NN}}}=200$ GeV}",
      collaboration  = "PHENIX Collaboration",
      note         = "arXiv:1906.09928"
}
%      eprint         = "1906.09928",
%      archivePrefix  = "arXiv",
%      primaryClass   = "hep-ex",
%      SLACcitation   = "%%CITATION = ARXIV:1906.09928;%%"


@article{Akikawa:2003zs,
      author         = "Akikawa, H. and others",
      title          = "{PHENIX muon arms}",
      collaboration  = "PHENIX Collaboration",
      journal        = "Nucl. Instrum. Methods Phys. Res., Sec. A",
      volume         = "499",
      year           = "2003",
      pages          = "537",
      doi            = "10.1016/S0168-9002(02)01955-1",
      SLACcitation   = "%%CITATION = NUIMA,A499,537;%%"
}

@article{Albajar:1989an,
      author         = "Albajar, C. and others",
      title          = "{A Study of the General Characteristics of $p\bar{p}$
                        Collisions at $\sqrt{s}$ = 0.2-TeV to 0.9-TeV}",
      collaboration  = "UA1 Collaboration",
      journal        = "Nucl. Phys. B",
      volume         = "335",
      year           = "1990",
      pages          = "261",
      doi            = "10.1016/0550-3213(90)90493-W",
      reportNumber   = "CERN-EP-89-85",
      SLACcitation   = "%%CITATION = NUPHA,B335,261;%%"
}

@article{Alessandro:2006jt,
      author         = "Alessandro, B. and others",
      title          = "{$J/\psi$ and $\psi^{\prime}$ production and their normal nuclear
                        absorption in proton-nucleus collisions at 400-GeV}",
      collaboration  = "NA50 Collaboration",
      journal        = "Eur. Phys. J. C",
      volume         = "48",
      year           = "2006",
      pages          = "329",
      doi            = "10.1140/epjc/s10052-006-0079-4",
}
%      eprint         = "nucl-ex/0612012",
%      archivePrefix  = "arXiv",
%      primaryClass   = "nucl-ex",
%      reportNumber   = "CERN-PH-EP-2006-018",
%      SLACcitation   = "%%CITATION = NUCL-EX/0612012;%%"


@article{Allen:2003zt,
      author         = "Allen, M. and others",
      title          = "{PHENIX inner detectors}",
      collaboration  = "PHENIX Collaboration",
      journal        = "Nucl. Instrum. Methods Phys. Res., Sec. A",
      volume         = "499",
      year           = "2003",
      pages          = "549",
      doi            = "10.1016/S0168-9002(02)01956-3",
      SLACcitation   = "%%CITATION = NUIMA,A499,549;%%"
}

@article{Amaudruz:1995tq,
      author         = "Amaudruz, P. and others",
      title          = "{A Reevaluation of the nuclear structure function ratios
                        for D, He, Li-6, C, and Ca}",
      collaboration  = "New Muon Collaboration",
      journal        = "Nucl. Phys. B",
      volume         = "441",
      year           = "1995",
      pages          = "3",
      doi            = "10.1016/0550-3213(94)00023-9",
}
%      eprint         = "hep-ph/9503291",
%      archivePrefix  = "arXiv",
%      primaryClass   = "hep-ph",
%      SLACcitation   = "%%CITATION = HEP-PH/9503291;%%"

@article{Arleo:1999af,
      author         = "Arleo, F. and Gossiaux, P. B. and Gousset, T. and
                        Aichelin, J.",
      title          = "{Charmonium suppression in $p$-$A$ collisions}",
      journal        = "Phys. Rev. C",
      volume         = "61",
      year           = "2000",
      pages          = "054906",
      doi            = "10.1103/PhysRevC.61.054906",
}
%      eprint         = "hep-ph/9907286",
%      archivePrefix  = "arXiv",
%      primaryClass   = "hep-ph",
%      reportNumber   = "SUBATECH-99-08",
%      SLACcitation   = "%%CITATION = HEP-PH/9907286;%%"


@article{Arnaldi:2007zz,
      author         = "Arnaldi, R. and others",
      title          = "{$J/\psi$ production in indium-indium collisions at
                        158-GeV/nucleon}",
      collaboration  = "NA60 Collaboration",
      journal        = "Phys. Rev. Lett.",
      volume         = "99",
      year           = "2007",
      pages          = "132302",
      doi            = "10.1103/PhysRevLett.99.132302",
      SLACcitation   = "%%CITATION = PRLTA,99,132302;%%"
}

@article{Arnaldi:2009ph,
      author         = "Arnaldi, R.",
      title          = "{$J/\psi$ production in $p$$+$$A$ and $A$$+$$A$ collisions at fixed
                        target experiments}",
      collaboration  = "NA60 Collaboration",
      journal        = "Nucl. Phys. A",
      volume         = "830",
      year           = "2009",
      pages          = "345C",
      booktitle      = "{Proceedings, 21st International Conference on
                        Ultra-Relativistic nucleus nucleus collisions (Quark
                        matter 2009): Knoxville, USA, March 30-April 4, 2009}",
      doi            = "10.1016/j.nuclphysa.2009.10.030",
}
%      eprint         = "0907.5004",
%      archivePrefix  = "arXiv",
%      primaryClass   = "nucl-ex",
%      SLACcitation   = "%%CITATION = ARXIV:0907.5004;%%"

@misc{Beraudo:2015wsd,
      author         = "Beraudo, A. and De Pace, A. and Monteno, M.
                        and Nardi, M. and Prino, F.",
      title          = "{Heavy-flavour production in high-energy $d$-Au and $p$-Pb
                        collisions}",
              note   = "{J. High Energy Phys. {\bf 03 (2016)} 123}"
}
%      journal        = "JHEP",
%      volume         = "03",
%      year           = "2016",
%      pages          = "123",
%      doi            = "10.1007/JHEP03(2016)123",
%      eprint         = "1512.05186",
%      archivePrefix  = "arXiv",
%      primaryClass   = "hep-ph",
%      SLACcitation   = "%%CITATION = ARXIV:1512.05186;%%"


@article{Bozek:2011if,
      author         = "Bozek, P.",
      title          = "{Collective flow in $p$$+$Pb and $d$$+$Pb collisions at TeV
                        energies}",
      journal        = "Phys. Rev. C",
      volume         = "85",
      year           = "2012",
      pages          = "014911",
      doi            = "10.1103/PhysRevC.85.014911",
}
%      eprint         = "1112.0915",
%      archivePrefix  = "arXiv",
%      primaryClass   = "hep-ph",
%      SLACcitation   = "%%CITATION = ARXIV:1112.0915;%%"

@article{Brambilla:2010cs,
      author         = "Brambilla, N. and others",
      title          = "{Heavy Quarkonium: Progress, Puzzles, and Opportunities}",
      journal        = "Eur. Phys. J. C",
      volume         = "71",
      year           = "2011",
      pages          = "1534",
      doi            = "10.1140/epjc/s10052-010-1534-9",
}
%      eprint         = "1010.5827",
%      archivePrefix  = "arXiv",
%      primaryClass   = "hep-ph",
%      reportNumber   = "SLAC-R-996, TUM-EFT-11-10, CLNS-10-2066,
%                        ANL-HEP-PR-10-44, ALBERTA-THY-11-10, CP3-10-37,
%                       FZJ-IKP-TH-2010-24, INT-PUB-10-059, JLAB-THY-11-1308,
%                        FERMILAB-PUB-10-737-T",
%      SLACcitation   = "%%CITATION = ARXIV:1010.5827;%%"

@article{Cronin:1974zm,
      author         = "Cronin, J. W. and Frisch, H. J. and Shochet, M. J. and
                        Boymond, J. P. and Mermod, R. and Piroue, P. A. and
                        Sumner, R. L.",
      title          = "{Production of hadrons with large transverse momentum at
                        200, 300, and 400 GeV}",
      booktitle      = "{High energy physics. Proceedings, 17th International
                        Conference, ICHEP 1974, London, England, July 01-July 10,
                        1974}",
      journal        = "Phys. Rev. D",
      volume         = "11",
      year           = "1975",
      pages          = "3105",
      doi            = "10.1103/PhysRevD.11.3105",
      reportNumber   = "PRINT-74-1181 (EFI,CHICAGO), FERMILAB-CONF-74-148-E",
      SLACcitation   = "%%CITATION = PHRVA,D11,3105;%%"
}

@article{Drees:2003zza,
      author         = "Drees, A. and Fox, B. and Xu, Z. and Huang, H.",
      title          = "{Results from Vernier Scans at RHIC during the $pp$ Run
                        2001-2002}",
      booktitle      = "{Particle accelerator. Proceedings, Conference, PAC 2003,
                        Portland, USA, May 12-16, 2003}",
      journal        = "Conf. Proc.",
      volume         = "C030512",
      year           = "2003",
      pages          = "1688",
      reportNumber   = "PAC03-TPPB032",
      SLACcitation   = "%%CITATION = CONFP,C030512,1688;%%"
}

@article{Du:2015wha,
      author         = "Du, X. and Rapp, R.",
      title          = "{Sequential Regeneration of Charmonia in Heavy-Ion
                        Collisions}",
      journal        = "Nucl. Phys. A",
      volume         = "943",
      year           = "2015",
      pages          = "147",
      doi            = "10.1016/j.nuclphysa.2015.09.006",
}
%      eprint         = "1504.00670",
%      archivePrefix  = "arXiv",
%     primaryClass   = "hep-ph",
%      SLACcitation   = "%%CITATION = ARXIV:1504.00670;%%"


@misc{Du:2018wsj,
      author         = "Du, X. and Rapp, R.",
      title          = "{In-Medium Charmonium Production in Proton-Nucleus
                        Collisions}",
              note   = "{J. High Energy Phys. {\bf 03 (2019)} 015}"
}
%      journal        = "JHEP",
%      volume         = "03",
%      year           = "2019",
%      pages          = "015",
%      doi            = "10.1007/JHEP03(2019)015",
%      eprint         = "1808.10014",
%      archivePrefix  = "arXiv",
%      primaryClass   = "nucl-th",
%      SLACcitation   = "%%CITATION = ARXIV:1808.10014;%%"

@article{Dusling:2015gta,
      author         = "Dusling, K. and Li, W. and Schenke, B.",
      title          = "{Novel collective phenomena in high-energy
                        proton–proton and proton–nucleus collisions}",
      journal        = "Int. J. Mod. Phys. E",
      volume         = "25",
      year           = "2016",
      number         = "01",
      pages          = "1630002",
      doi            = "10.1142/S0218301316300022",
}
%      eprint         = "1509.07939",
%      archivePrefix  = "arXiv",
%      primaryClass   = "nucl-ex",
%      SLACcitation   = "%%CITATION = ARXIV:1509.07939;%%"


@article{Eskola:2016oht,
      author         = "Eskola, K. J. and Paakkinen, P. and Paukkunen, H.
                        and Salgado, C. A.",
      title          = "{EPPS16: Nuclear parton distributions with LHC data}",
      journal        = "Eur. Phys. J. C",
      volume         = "77",
      year           = "2017",
      number         = "3",
      pages          = "163",
      doi            = "10.1140/epjc/s10052-017-4725-9",
}
%      eprint         = "1612.05741",
%      archivePrefix  = "arXiv",
%      primaryClass   = "hep-ph",
%      SLACcitation   = "%%CITATION = ARXIV:1612.05741;%%"


@article{Ferreiro:2014bia,
      author         = "Ferreiro, E. G.",
      title          = "{Excited charmonium suppression in proton–nucleus
                        collisions as a consequence of comovers}",
      journal        = "Phys. Lett. B",
      volume         = "749",
      year           = "2015",
      pages          = "98",
      doi            = "10.1016/j.physletb.2015.07.066",
}
%      eprint         = "1411.0549",
%      archivePrefix  = "arXiv",
%      primaryClass   = "hep-ph",
%      SLACcitation   = "%%CITATION = ARXIV:1411.0549;%%"


@article{Fujii:2006ab,
      author         = "Fujii, H. and Gelis, F. and Venugopalan, R.",
      title          = "{Quark pair production in high energy $p$$A$ collisions:
                        General features}",
      journal        = "Nucl. Phys. A",
      volume         = "780",
      year           = "2006",
      pages          = "146",
      doi            = "10.1016/j.nuclphysa.2006.09.012",
}
%      eprint         = "hep-ph/0603099",
%      archivePrefix  = "arXiv",
%      primaryClass   = "hep-ph",
%      SLACcitation   = "%%CITATION = HEP-PH/0603099;%%"


%%%%%%%%%%%%%%%%%%%%%%%%% article{Agostinelli:2002hh,
@article{G4,
      author         = "Agostinelli, S. and others",
      title          = "{GEANT4: A Simulation toolkit}",
      collaboration  = "GEANT4 Collaboration",
      journal        = "Nucl. Instrum. Methods Phys. Res., Sec. A",
      volume         = "506",
      year           = "2003",
      pages          = "250",
      doi            = "10.1016/S0168-9002(03)01368-8",
      reportNumber   = "SLAC-PUB-9350, FERMILAB-PUB-03-339",
      SLACcitation   = "%%CITATION = NUIMA,A506,250;%%"
}

@phdthesis{Gaiser:1982yw,
      author         = "Gaiser, J. E.",
      title          = "{Charmonium Spectroscopy From Radiative Decays of the
                        $J/\psi$ and $\psi^\prime$}",
      school         = "SLAC",
      url            = "http://www-public.slac.stanford.edu/sciDoc/docMeta.aspx?slacPubNumber=slac-r-255.html",
      year           = "1982",
      reportNumber   = "SLAC-0255, UMI-83-14449-MC, SLAC-R-0255, SLAC-R-255",
      SLACcitation   = "%%CITATION = SLAC-0255;%%"
}

@article{Hagedorn:1965st,
      author         = "Hagedorn, R.",
      title          = "{Statistical thermodynamics of strong interactions at
                        high-energies}",
      journal        = "Nuovo Cim. Suppl.",
      volume         = "3",
      year           = "1965",
      pages          = "147",
      reportNumber   = "CERN-TH-520",
      SLACcitation   = "%%CITATION = NUCUA,3,147;%%"
}

@article{Hagedorn:1983wk,
      author         = "Hagedorn, R.",
      title          = "{Multiplicities, $p_T$ Distributions and the Expected
                        Hadron$\to$Quark-Gluon Phase Transition}",
      journal        = "Riv. Nuovo Cim.",
      volume         = "6N10",
      year           = "1983",
      pages          = "1",
      doi            = "10.1007/BF02740917",
      reportNumber   = "CERN-TH-3684",
      SLACcitation   = "%%CITATION = RNCIB,6N10,1;%%"
}

@misc{Helenius:2012wd,
      author         = "Helenius, I. and Eskola, K. J. and Honkanen, H.
                        and Salgado, C. A.",
      title          = "{Impact-Parameter Dependent Nuclear Parton Distribution
                        Functions: EPS09s and EKS98s and Their Applications in
                        Nuclear Hard Processes}",
              note   = "{J. High Energy Phys. {\bf 07 (2012)} 073}"
}
%      journal        = "JHEP",
%      volume         = "07",
%      year           = "2012",
%      pages          = "073",
%      doi            = "10.1007/JHEP07(2012)073",
%      eprint         = "1205.5359",
%      archivePrefix  = "arXiv",
%      primaryClass   = "hep-ph",
%      reportNumber   = "CERN-PH-TH-2012-145",
%      SLACcitation   = "%%CITATION = ARXIV:1205.5359;%%"


@article{Khachatryan:2016ypw,
      author         = "Khachatryan, V. and others",
      title          = "{Suppression and azimuthal anisotropy of prompt and
                        nonprompt $J/\psi$ production in PbPb
                        collisions at $\sqrt{{s_{_{\text {NN}}}}}=2.76$
                        $\,\mathrm{TeV}$}",
      collaboration  = "CMS Collaboration",
      journal        = "Eur. Phys. J. C",
      volume         = "77",
      year           = "2017",
      number         = "4",
      pages          = "252",
      doi            = "10.1140/epjc/s10052-017-4781-1",
}
%      eprint         = "1610.00613",
%      archivePrefix  = "arXiv",
%      primaryClass   = "nucl-ex",
%      reportNumber   = "CMS-HIN-14-005, CERN-EP-2016-243",
%      SLACcitation   = "%%CITATION = ARXIV:1610.00613;%%"

@article{Khandai:2011cf,
      author         = "Khandai, P. K. and Shukla, P. and Singh, V.",
      title          = "{Meson spectra and $m_T$ scaling in $p$$+$$p$, $d$$+$Au,
                        and Au$+$Au collisions at $\sqrt{s_{NN}}=200$ GeV}",
      journal        = "Phys. Rev. C",
      volume         = "84",
      year           = "2011",
      pages          = "054904",
      doi            = "10.1103/PhysRevC.84.054904",
}
%      eprint         = "1110.3929",
%      archivePrefix  = "arXiv",
%      primaryClass   = "hep-ph",
%      SLACcitation   = "%%CITATION = ARXIV:1110.3929;%%"


@article{Kharzeev:2005zr,
      author         = "Kharzeev, D. and Tuchin, K.",
      title          = "{Signatures of the color glass condensate in $J/\psi$
                        production off nuclear targets}",
      journal        = "Nucl. Phys. A",
      volume         = "770",
      year           = "2006",
      pages          = "40",
      doi            = "10.1016/j.nuclphysa.2006.01.017",
}
%      eprint         = "hep-ph/0510358",
%      archivePrefix  = "arXiv",
%      primaryClass   = "hep-ph",
%      reportNumber   = "BNL-NT-05-41",
%      SLACcitation   = "%%CITATION = HEP-PH/0510358;%%"



@article{Koop:2015wea,
      author         = "Orjuela Koop, J. D. and Adare, A. and McGlinchey, D. and
                        Nagle, J. L.",
      title          = "{Azimuthal anisotropy relative to the participant plane
                        from a multiphase transport model in central $p$$+$Au, $d$$+$Au, and $^{3}$He$+$Au collisions at $\sqrt{s_{NN}}=200$
                        GeV}",
      journal        = "Phys. Rev. C",
      volume         = "92",
      year           = "2015",
      number         = "5",
      pages          = "054903",
      doi            = "10.1103/PhysRevC.92.054903",
}
%      eprint         = "1501.06880",
%      archivePrefix  = "arXiv",
%      primaryClass   = "nucl-ex",
%      SLACcitation   = "%%CITATION = ARXIV:1501.06880;%%"


@article{Kovarik:2015cma,
      author         = "Kovarik, K. and others",
      title          = "{nCTEQ15 - Global analysis of nuclear parton
                        distributions with uncertainties in the CTEQ framework}",
      journal        = "Phys. Rev. D",
      volume         = "93",
      year           = "2016",
      number         = "8",
      pages          = "085037",
      doi            = "10.1103/PhysRevD.93.085037",
}
%      eprint         = "1509.00792",
%      archivePrefix  = "arXiv",
%      primaryClass   = "hep-ph",
%      reportNumber   = "LPSC-15-153, MS-TP-15-11, FERMILAB-PUB-15-375-ND-PPD-T",
%      SLACcitation   = "%%CITATION = ARXIV:1509.00792;%%"


@article{Kusina:2017gkz,
      author         = "Kusina, A. and Lansberg, J.-P. and
                        Schienbein, I. and Shao, H.-S.",
      title          = "{Gluon Shadowing in Heavy-Flavor Production at the LHC}",
      journal        = "Phys. Rev. Lett.",
      volume         = "121",
      year           = "2018",
      number         = "5",
      pages          = "052004",
      doi            = "10.1103/PhysRevLett.121.052004",
}
%      eprint         = "1712.07024",
%      archivePrefix  = "arXiv",
%      primaryClass   = "hep-ph",
%      SLACcitation   = "%%CITATION = ARXIV:1712.07024;%%"


@article{Lansberg:2016deg,
     author         = "Lansberg, J.-P. and Shao, H.-S.",
     title          = "{Towards an automated tool to evaluate the impact of the
                       nuclear modification of the gluon density on quarkonium, D
                       and B meson production in proton–nucleus collisions}",
     journal        = "Eur. Phys. J. C",
     volume         = "77",
     year           = "2017",
     number         = "1",
     pages          = "1",
     doi            = "10.1140/epjc/s10052-016-4575-x",
}
%     eprint         = "1610.05382",
%     archivePrefix  = "arXiv",
%     primaryClass   = "hep-ph",
%     reportNumber   = "CERN-TH-2016-206",
%     SLACcitation   = "%%CITATION = ARXIV:1610.05382;%%"


@article{Leung:2019vbb,
      author         = "Leung, Y. H.",
      title          = "{Measurements of charm, bottom, and Drell-Yan via dimuons
                        in $p$$+$$p$ and $p$$+$Au collisions at $\sqrt {s_{NN}}=200$
                        ~GeV with PHENIX at RHIC}",
      booktitle      = "{Proceedings, 27th International Conference on
                        Ultrarelativistic Nucleus-Nucleus Collisions (Quark Matter
                        2018): Venice, Italy, May 14-19, 2018}",
      collaboration  = "PHENIX Collaboration",
      journal        = "Nucl. Phys. A",
      volume         = "982",
      year           = "2019",
      pages          = "695",
      doi            = "10.1016/j.nuclphysa.2018.09.043",
      SLACcitation   = "%%CITATION = NUPHA,A982,695;%%"
}

@article{Matsui:1986dk,
      author         = "Matsui, T. and Satz, H.",
      title          = "{$J/\psi$ Suppression by Quark-Gluon Plasma Formation}",
      journal        = "Phys. Lett. B",
      volume         = "178",
      year           = "1986",
      pages          = "416",
      doi            = "10.1016/0370-2693(86)91404-8",
      reportNumber   = "BNL-38344",
      SLACcitation   = "%%CITATION = PHLTA,B178,416;%%"
}

@article{McGlinchey:2012bp,
      author         = "McGlinchey, D. C. and Frawley, A. D. and Vogt, R.",
      title          = "{Impact parameter dependence of the nuclear modification
                        of $J/\psi$ production in $d+$Au collisions at
                        $\sqrt{s_{NN}} = 200$ GeV}",
      journal        = "Phys. Rev. C",
      volume         = "87",
      year           = "2013",
      number         = "5",
      pages          = "054910",
      doi            = "10.1103/PhysRevC.87.054910",
}
%      eprint         = "1208.2667",
%      archivePrefix  = "arXiv",
%      primaryClass   = "nucl-th",
%      SLACcitation   = "%%CITATION = ARXIV:1208.2667;%%"


@article{Nelson:2012bc,
      author         = "Nelson, R. E. and Vogt, R. and Frawley, A. D.",
      title          = "{Narrowing the uncertainty on the total charm cross
                        section and its effect on the $J/\psi$ cross section}",
      journal        = "Phys. Rev. C",
      volume         = "87",
      year           = "2013",
      number         = "1",
      pages          = "014908",
      doi            = "10.1103/PhysRevC.87.014908",
}
%      eprint         = "1210.4610",
%      archivePrefix  = "arXiv",
%      primaryClass   = "hep-ph",
%      SLACcitation   = "%%CITATION = ARXIV:1210.4610;%%"

@article{PDG,
      author         = "Tanabashi, M. and others",
      title          = "{Review of Particle Physics}",
      collaboration  = "Particle Data Group",
      journal        = "Phys. Rev. D",
      volume         = "98",
      year           = "2018",
      number         = "3",
      pages          = "030001",
      doi            = "10.1103/PhysRevD.98.030001",
      SLACcitation   = "%%CITATION = PHRVA,D98,030001;%%"
}

@article{PHENIX:2018lia,
      author         = "Aidala, C. and others",
      title          = "{Creation of quark–gluon plasma droplets with three
                        distinct geometries}",
      collaboration  = "PHENIX Collaboration",
      journal        = "Nature Phys.",
      volume         = "15",
      year           = "2019",
      number         = "3",
      pages          = "214",
      doi            = "10.1038/s41567-018-0360-0",
}
%      eprint         = "1805.02973",
%      archivePrefix  = "arXiv",
%      primaryClass   = "nucl-ex",
%      SLACcitation   = "%%CITATION = ARXIV:1805.02973;%%"


@Misc{priv_comm,
  author       = {J.L. Nagle},
  howpublished = {{Private communication on initial geometry 
                   and MC Glauber model}},
  address      = {},
  comment     = "{initial geometry and MC Glauber model}",
  institution  = {},
}

@Misc{priv_comm_vogt,
  author       = {R. Vogt},
  howpublished = {{Private Communication}},
  year         = {2019},
  address      = {},
  note     = {EPSS16 NLO},
  institution  = {},
}

@article{PYTHIA,
      author         = "Sj$\mathrm{\ddot{o}}$strand, T. and Mrenna, S. 
                        and Skands, P. Z.",
      title          = "{A Brief Introduction to PYTHIA 8.1}",
      journal        = "Comput. Phys. Commun.",
      volume         = "178",
      year           = "2008",
      pages          = "852",
      doi            = "10.1016/j.cpc.2008.01.036",
}
%      eprint         = "0710.3820",
%      archivePrefix  = "arXiv",
%      primaryClass   = "hep-ph",
%      reportNumber   = "CERN-LCGAPP-2007-04, LU-TP-07-28,
%                       FERMILAB-PUB-07-512-CD-T",
%      SLACcitation   = "%%CITATION = ARXIV:0710.3820;%%"

@article{SchaffnerBielich:2001qj,
      author         = "Schaffner-Bielich, J. and Kharzeev, D. and
                        McLerran, L. D. and Venugopalan, R.",
      title          = "{Generalized scaling of the transverse mass spectrum at
                        the relativistic heavy ion collider}",
      journal        = "Nucl. Phys. A",
      volume         = "705",
      year           = "2002",
      pages          = "494",
      doi            = "10.1016/S0375-9474(02)00677-2",
}
%      eprint         = "nucl-th/0108048",
%      archivePrefix  = "arXiv",
%      primaryClass   = "nucl-th",
%      SLACcitation   = "%%CITATION = NUCL-TH/0108048;%%"


@article{Shao:2012iz,
     author         = "Shao, H.-S.",
     title          = "{HELAC-Onia: An automatic matrix element generator for
                       heavy quarkonium physics}",
     journal        = "Comput. Phys. Commun.",
     volume         = "184",
     year           = "2013",
     pages          = "2562",
     doi            = "10.1016/j.cpc.2013.05.023",
}
%     eprint         = "1212.5293",
%     archivePrefix  = "arXiv",
%     primaryClass   = "hep-ph",
%     SLACcitation   = "%%CITATION = ARXIV:1212.5293;%%"


@article{Shao:2015vga,
     author         = "Shao, H.-S.",
     title          = "{HELAC-Onia 2.0: an upgraded matrix-element and event
                       generator for heavy quarkonium physics}",
     journal        = "Comput. Phys. Commun.",
     volume         = "198",
     year           = "2016",
     pages          = "238",
     doi            = "10.1016/j.cpc.2015.09.011",
}
%     eprint         = "1507.03435",
%     archivePrefix  = "arXiv",
%     primaryClass   = "hep-ph",
%     reportNumber   = "CERN-PH-TH-2015-155",
%     SLACcitation   = "%%CITATION = ARXIV:1507.03435;%%"


@article{Sirunyan:2017mzd,
      author         = "Sirunyan, A. M and others",
      title          = "{Measurement of prompt and nonprompt $J/{\psi}$
                        production in $pp$ and $
                        p\mathrm {Pb}$ collisions at $\sqrt{s_{\mathrm {NN}}}
                        =5.02\,\text {TeV} $}",
      collaboration  = "CMS Collaboration",
      journal        = "Eur. Phys. J. C",
      volume         = "77",
      year           = "2017",
      number         = "4",
      pages          = "269",
      doi            = "10.1140/epjc/s10052-017-4828-3",
}
%      eprint         = "1702.01462",
%      archivePrefix  = "arXiv",
%      primaryClass   = "nucl-ex",
%      reportNumber   = "CMS-HIN-14-009, CERN-EP-2017-009",
%      SLACcitation   = "%%CITATION = ARXIV:1702.01462;%%"


@article{Sirunyan:2018pse,
      author         = "Sirunyan, A. M and others",
      title          = "{Measurement of prompt $\psi(2S)$ production cross
                        sections in proton-lead and proton-proton collisions at
                        $\sqrt{s_{_\mathrm{NN}}}=$ 5.02 TeV}",
      collaboration  = "CMS Collaboration",
      journal        = "Phys. Lett. B",
      volume         = "790",
      year           = "2019",
      pages          = "509",
      doi            = "10.1016/j.physletb.2019.01.058",
}
%      eprint         = "1805.02248",
%      archivePrefix  = "arXiv",
%      primaryClass   = "hep-ex",
%      reportNumber   = "CMS-HIN-16-015, CERN-EP-2018-056",
%      SLACcitation   = "%%CITATION = ARXIV:1805.02248;%%"


@phdthesis{Skwarnicki:1986xj,
      author         = "Skwarnicki, T.",
      title          = "{A study of the radiative CASCADE transitions between the
                        Upsilon-Prime and Upsilon resonances}",
      school         = "Cracow, INP",
      year           = "1986",
      url            = "http://www-library.desy.de/cgi-bin/showprep.pl?DESY-F31-86-02",
      reportNumber   = "DESY-F31-86-02, DESY-F-31-86-02",
      SLACcitation   = "%%CITATION = DESY-F31-86-02;%%"
}

@article{Vitev:2007ve,
      author         = "Vitev, I.",
      title          = "{Non-Abelian energy loss in cold nuclear matter}",
      journal        = "Phys. Rev. C",
      volume         = "75",
      year           = "2007",
      pages          = "064906",
      doi            = "10.1103/PhysRevC.75.064906",
}
%      eprint         = "hep-ph/0703002",
%      archivePrefix  = "arXiv",
%      primaryClass   = "hep-ph",
%      reportNumber   = "LA-UR-07-1216",
%      SLACcitation   = "%%CITATION = HEP-PH/0703002;%%"


@article{Vogt:2015uba,
      author         = "Vogt, R.",
      title          = "{Shadowing effects on $J/\psi$ and $\Upsilon$ production
                        at energies available at the CERN Large Hadron Collider}",
      journal        = "Phys. Rev. C",
      volume         = "92",
      year           = "2015",
      number         = "3",
      pages          = "034909",
      doi            = "10.1103/PhysRevC.92.034909",
}
%      eprint         = "1507.04418",
%      archivePrefix  = "arXiv",
%      primaryClass   = "hep-ph",
%      reportNumber   = "LLNL-JRNL-674198",
%      SLACcitation   = "%%CITATION = ARXIV:1507.04418;%%"


@article{Zhao:2010nk,
      author         = "Zhao, X. and Rapp, R.",
      title          = "{Charmonium in Medium: From Correlators to Experiment}",
      journal        = "Phys. Rev. C",
      volume         = "82",
      year           = "2010",
      pages          = "064905",
      doi            = "10.1103/PhysRevC.82.064905",
}
%      eprint         = "1008.5328",
%      archivePrefix  = "arXiv",
%      primaryClass   = "hep-ph",
%      SLACcitation   = "%%CITATION = ARXIV:1008.5328;%%"










