%%%%%%% two refs added after 2nd internal release

@article{AbdulKhalek:2019mzd,
      author         = "Abdul Khalek, Rabah and Ethier, Jacob J. and Rojo, Juan",
      title          = "{Nuclear Parton Distributions from Lepton-Nucleus
                        Scattering and the Impact of an Electron-Ion Collider}",
      journal        = "Eur. Phys. J. C",
      volume         = "79",
      year           = "2019",
      number         = "6",
      pages          = "471",
      doi            = "10.1140/epjc/s10052-019-6983-1",
}
%      eprint         = "1904.00018",
%      archivePrefix  = "arXiv",
%      primaryClass   = "hep-ph",
%      SLACcitation   = "%%CITATION = ARXIV:1904.00018;%%"


@article{deFlorian:2011fp,
      author         = "de Florian, Daniel and Sassot, Rodolfo and Zurita, Pia
                        and Stratmann, Marco",
      title          = "{Global Analysis of Nuclear Parton Distributions}",
      journal        = "Phys. Rev. D",
      volume         = "85",
      year           = "2012",
      pages          = "074028",
      doi            = "10.1103/PhysRevD.85.074028",
}
%      eprint         = "1112.6324",
%      archivePrefix  = "arXiv",
%      primaryClass   = "hep-ph",
%      SLACcitation   = "%%CITATION = ARXIV:1112.6324;%%"


%%%%%%% refs below were included in 2nd internal release

@article{Alvioli:2017wou,
      author         = "Alvioli, Massimiliano and Frankfurt, Leonid and
                        Perepelitsa, D. V. and Strikman, Mark",
      title          = "{Global analysis of color fluctuation effects in
                        proton- and deuteron-nucleus collisions at RHIC and
                        the LHC}",
      journal        = "Phys. Rev. D",
      volume         = "98",
      year           = "2018",
      number         = "7",
      pages          = "071502(R)",
      doi            = "10.1103/PhysRevD.98.071502",
}
%      eprint         = "1709.04993",
%      archivePrefix  = "arXiv",
%      primaryClass   = "hep-ph",
%      SLACcitation   = "%%CITATION = ARXIV:1709.04993;%%"


@article{Alvioli:2014eda,
      author         = "Alvioli, Massimiliano and Cole, Brian A. and Frankfurt,
                        Leonid and Perepelitsa, D. V. and Strikman, Mark",
      title          = "{Evidence for $x$-dependent proton color fluctuations in
                        pA collisions at the CERN Large Hadron Collider}",
      journal        = "Phys. Rev. C",
      volume         = "93",
      year           = "2016",
      number         = "1",
      pages          = "011902(R)",
      doi            = "10.1103/PhysRevC.93.011902",
}
%      eprint         = "1409.7381",
%      archivePrefix  = "arXiv",
%      primaryClass   = "hep-ph",
%      SLACcitation   = "%%CITATION = ARXIV:1409.7381;%%"


@article{Geesaman:1995yd,
      author         = "Geesaman, Donald F. and Saito, K. and Thomas, Anthony
                        William",
      title          = "{The nuclear EMC effect}",
      journal        = "Ann. Rev. Nucl. Part. Sci.",
      volume         = "45",
      year           = "1995",
      pages          = "337-390",
      doi            = "10.1146/annurev.ns.45.120195.002005",
      reportNumber   = "PHY-7963-ME-95",
      SLACcitation   = "%%CITATION = ARNUA,45,337;%%"
}

@book{Gyulassy:2003mc,
     author    = "Gyulassy, Miklos and Vitev, Ivan and Wang, Xin-Nian and
                  Zhang, Ben-Wei",
     title     = "Jet quenching and radiative energy loss in dense nuclear
                  matter",
     publisher = "World Scientific",
     address   = "Singapore",
     series    =  "Quark Gluon Plasma",
     pages     = "123-191",
     volume    =  "3",
     year      = "2003",
     SLACcitation  = "%%CITATION = NUCL-TH 0302077;%%"
}

@article{Adler:2003ii,
      author         = "Adler, S. S. and others",
      title          = "{Absence of suppression in particle production at large
                        transverse momentum in \sqsntwo \dau
                        collisions}",
      collaboration  = "PHENIX Collaboration",
      journal        = "Phys. Rev. Lett.",
      volume         = "91",
      year           = "2003",
      pages          = "072303",
      doi            = "10.1103/PhysRevLett.91.072303",
}
%      eprint         = "nucl-ex/0306021",
%      archivePrefix  = "arXiv",
%      primaryClass   = "nucl-ex",
%      SLACcitation   = "%%CITATION = NUCL-EX/0306021;%%"


@unpublished{Loizides:2014vua,
      author         = "Loizides, C. and Nagle, J. and Steinberg, P.",
      title          = "{Improved version of the PHOBOS Glauber Monte Carlo}",
      year           = "2014",
      note           = "{arXiv:1408.2549}",
}
%      year           = "2014",
%      doi            = "10.1016/j.softx.2015.05.001",
%      note           = "[SoftwareX1-2,13(2015)]",
%      eprint         = "1408.2549",
%      archivePrefix  = "arXiv",
%      primaryClass   = "nucl-ex",
%      SLACcitation   = "%%CITATION = ARXIV:1408.2549;%%"


@article{Akikawa:2003zs,
      author         = "Akikawa, H. and others",
      title          = "{PHENIX muon arms}",
      collaboration  = "PHENIX Collaboration",
      journal        = "Nucl. Instrum. Methods Phys. Res., Sec. A",
      volume         = "499",
      year           = "2003",
      pages          = "537-548",
      doi            = "10.1016/S0168-9002(02)01955-1",
      SLACcitation   = "%%CITATION = NUIMA,A499,537;%%"
}

@article{Miller:2007ri,
      author         = "Miller, Michael L. and Reygers, Klaus and Sanders,
                        Stephen J. and Steinberg, Peter",
      title          = "{Glauber modeling in high energy nuclear collisions}",
      journal        = "Ann. Rev. Nucl. Part. Sci.",
      volume         = "57",
      year           = "2007",
      pages          = "205-243",
      doi            = "10.1146/annurev.nucl.57.090506.123020",
}
%      eprint         = "nucl-ex/0701025",
%      archivePrefix  = "arXiv",
%      primaryClass   = "nucl-ex",
%      SLACcitation   = "%%CITATION = NUCL-EX/0701025;%%"


@article{Sjostrand:2014zea,
      author         = "Sj$\ddot{\rm o}$strand, Torbj$\ddot{\rm o}$rn and Ask, Stefan and Christiansen,
                        Jesper R. and Corke, Richard and Desai, Nishita and Ilten,
                        Philip and Mrenna, Stephen and Prestel, Stefan and
                        Rasmussen, Christine O. and Skands, Peter Z.",
      title          = "{An Introduction to PYTHIA 8.2}",
      journal        = "Comput. Phys. Commun.",
      volume         = "191",
      year           = "2015",
      pages          = "159-177",
      doi            = "10.1016/j.cpc.2015.01.024",
}
%      eprint         = "1410.3012",
%      archivePrefix  = "arXiv",
%      primaryClass   = "hep-ph",
%      reportNumber   = "LU-TP-14-36, MCNET-14-22, CERN-PH-TH-2014-190,
%                        FERMILAB-PUB-14-316-CD, DESY-14-178, SLAC-PUB-16122",
%      SLACcitation   = "%%CITATION = ARXIV:1410.3012;%%"


@article{Alver:2010ck,
      author         = "Alver, B. and others",
      title          = "{Phobos results on charged particle multiplicity and
                        pseudorapidity distributions in Au+Au, Cu+Cu, $d$+Au, and
                        $p$+$p$ collisions at ultra-relativistic energies}",
      collaboration  = "PHOBOS Collaboration",
      journal        = "Phys. Rev. C",
      volume         = "83",
      year           = "2011",
      pages          = "024913",
      doi            = "10.1103/PhysRevC.83.024913",
}
%      eprint         = "1011.1940",
%      archivePrefix  = "arXiv",
%      primaryClass   = "nucl-ex",
%      SLACcitation   = "%%CITATION = ARXIV:1011.1940;%%"


@article{Adcox:2004mh,
      author         = "Adcox, K. and others",
      title          = "{Formation of dense partonic matter in relativistic
                        nucleus-nucleus collisions at RHIC: Experimental
                        evaluation by the PHENIX collaboration}",
      collaboration  = "PHENIX Collaboration",
      journal        = "Nucl. Phys. A",
      volume         = "757",
      year           = "2005",
      pages          = "184-283",
      doi            = "10.1016/j.nuclphysa.2005.03.086",
}
%      eprint         = "nucl-ex/0410003",
%      archivePrefix  = "arXiv",
%      primaryClass   = "nucl-ex",
%      SLACcitation   = "%%CITATION = NUCL-EX/0410003;%%"


@article{Adams:2005dq,
      author         = "Adams, John and others",
      title          = "{Experimental and theoretical challenges in the search
                        for the quark gluon plasma: The STAR Collaboration's
                        critical assessment of the evidence from RHIC collisions}",
      collaboration  = "STAR Collaboration",
      journal        = "Nucl. Phys. A",
      volume         = "757",
      year           = "2005",
      pages          = "102-183",
      doi            = "10.1016/j.nuclphysa.2005.03.085",
}
%      eprint         = "nucl-ex/0501009",
%      archivePrefix  = "arXiv",
%      primaryClass   = "nucl-ex",
%      SLACcitation   = "%%CITATION = NUCL-EX/0501009;%%"


@article{Back:2004je,
      author         = "Back, B. B. and others",
      title          = "{The PHOBOS perspective on discoveries at RHIC}",
      collaboration  = "{PHOBOS Collaboration}",
      journal        = "Nucl. Phys. A",
      volume         = "757",
      year           = "2005",
      pages          = "28-101",
      doi            = "10.1016/j.nuclphysa.2005.03.084",
}
%      eprint         = "nucl-ex/0410022",
%      archivePrefix  = "arXiv",
%      primaryClass   = "nucl-ex",
%      SLACcitation   = "%%CITATION = NUCL-EX/0410022;%%"


@article{Arsene:2004fa,
      author         = "Arsene, I. and others",
      title          = "{Quark gluon plasma and color glass condensate at RHIC?
                        The Perspective from the BRAHMS experiment}",
      collaboration  = "BRAHMS Collaboration",
      journal        = "Nucl. Phys. A",
      volume         = "757",
      year           = "2005",
      pages          = "1",
      doi            = "10.1016/j.nuclphysa.2005.02.130",
}
%      eprint         = "nucl-ex/0410020",
%      archivePrefix  = "arXiv",
%      primaryClass   = "nucl-ex",
%      SLACcitation   = "%%CITATION = NUCL-EX/0410020;%%"


@article{Adler:2003pb,
      author         = "Adler, S. S. and others",
      title          = "{Mid-rapidity neutral pion production in proton proton
                        collisions at $\sqrt{s}$=200~GeV}",
      collaboration  = "PHENIX Collaboration",
      journal        = "Phys. Rev. Lett.",
      volume         = "91",
      year           = "2003",
      pages          = "241803",
      doi            = "10.1103/PhysRevLett.91.241803",
}
%      eprint         = "hep-ex/0304038",
%      archivePrefix  = "arXiv",
%      primaryClass   = "hep-ex",
%      SLACcitation   = "%%CITATION = HEP-EX/0304038;%%"


@article{Adare:2013nff,
      author         = "Adare, A. and others",
      title          = "{Centrality categorization for $R_{p(d)+A}$ in high-energy
                        collisions}",
      collaboration  = "PHENIX Collaboration",
      journal        = "Phys. Rev. C",
      volume         = "90",
      year           = "2014",
      number         = "3",
      pages          = "034902",
      doi            = "10.1103/PhysRevC.90.034902",
}
%      eprint         = "1310.4793",
%      archivePrefix  = "arXiv",
%      primaryClass   = "nucl-ex",
%      SLACcitation   = "%%CITATION = ARXIV:1310.4793;%%"


@article{Agostinelli:2002hh,
      author         = "Agostinelli, S. and others",
      title          = "{GEANT4: A Simulation toolkit}",
      collaboration  = "GEANT4 Collaboration",
      journal        = "Nucl. Instrum. Methods Phys. Res., Sec. A",
      volume         = "506",
      year           = "2003",
      pages          = "250-303",
      doi            = "10.1016/S0168-9002(03)01368-8",
      reportNumber   = "SLAC-PUB-9350, FERMILAB-PUB-03-339",
      SLACcitation   = "%%CITATION = NUIMA,A506,250;%%"
}

@article{Aidala:2018ajl,
      author         = "Aidala, C. and others",
      title          = "{Measurements of $\mu\mu$ pairs from open heavy flavor
                        and Drell-Yan in $p$+$p$ collisions 
                        at $\sqrt{s}=200$ GeV}",
      collaboration  = "PHENIX Collaboration",
      journal        = "Phys. Rev. D",
      volume         = "99",
      year           = "2019",
      number         = "7",
      pages          = "072003",
      doi            = "10.1103/PhysRevD.99.072003",
}
%      eprint         = "1805.02448",
%      archivePrefix  = "arXiv",
%      primaryClass   = "hep-ex",
%      SLACcitation   = "%%CITATION = ARXIV:1805.02448;%%"


@article{Adare:2013lkk,
      author         = "Adare, A. and others",
      title          = "{Cold-Nuclear-Matter Effects on Heavy-Quark Production at
                        Forward and Backward Rapidity in $d+{\rm Au}$ Collisions at
                        $\sqrt{s_{NN}}=200$~GeV}",
      collaboration  = "PHENIX Collaboration",
      journal        = "Phys. Rev. Lett.",
      volume         = "112",
      year           = "2014",
      number         = "25",
      pages          = "252301",
      doi            = "10.1103/PhysRevLett.112.252301",
}
%      eprint         = "1310.1005",
%      archivePrefix  = "arXiv",
%      primaryClass   = "nucl-ex",
%      SLACcitation   = "%%CITATION = ARXIV:1310.1005;%%"


@article{Adare:2011vy,
      author         = "Adare, A. and others",
      title          = "{Identified charged hadron production in $p$+$p$ 
                       collisions at $\sqrt{s}=200$ and 62.4 GeV}",
      collaboration  = "PHENIX Collaboration",
      journal        = "Phys. Rev. C",
      volume         = "83",
      year           = "2011",
      pages          = "064903",
      doi            = "10.1103/PhysRevC.83.064903",
}
%      eprint         = "1102.0753",
%      archivePrefix  = "arXiv",
%      primaryClass   = "nucl-ex",
%      SLACcitation   = "%%CITATION = ARXIV:1102.0753;%%"


@article{Agakishiev:2011dc,
      author         = "Agakishiev, G. and others",
      title          = "{Identified hadron compositions in $p+p$ and Au+Au
                        collisions at high transverse momenta at $\sqrt{s_{_{NN}}}
                        = 200$ GeV}",
      collaboration  = "STAR Collaboration",
      journal        = "Phys. Rev. Lett.",
      volume         = "108",
      year           = "2012",
      pages          = "072302",
      doi            = "10.1103/PhysRevLett.108.072302",
}
%      eprint         = "1110.0579",
%      archivePrefix  = "arXiv",
%      primaryClass   = "nucl-ex",
%      SLACcitation   = "%%CITATION = ARXIV:1110.0579;%%"


@article{Adare:2013esx,
      author         = "Adare, A. and others",
      title          = "{Spectra and ratios of identified particles in Au+Au and
                        $d$+Au collisions at $\sqrt{s_{NN}}=200$ GeV}",
      collaboration  = "PHENIX Collaboration",
      journal        = "Phys. Rev. C",
      volume         = "88",
      year           = "2013",
      number         = "2",
      pages          = "024906",
      doi            = "10.1103/PhysRevC.88.024906",
}
%      eprint         = "1304.3410",
%      archivePrefix  = "arXiv",
%      primaryClass   = "nucl-ex",
%      SLACcitation   = "%%CITATION = ARXIV:1304.3410;%%"


@unpublished{Accardi:2002ik,
      author         = "Accardi, Alberto",
      title          = "{Cronin effect in proton-nucleus collisions: 
                         A Survey of theoretical models}",
      year           = "2002",
      note           = "{arXiv:hep-ph/0212148}",
}
%      eprint         = "hep-ph/0212148",
%      archivePrefix  = "arXiv",
%      primaryClass   = "hep-ph",
%      SLACcitation   = "%%CITATION = HEP-PH/0212148;%%"


@article{Kang:2014hha,
      author         = "Kang, Zhong-Bo and Vitev, Ivan and Wang, Enke and Xing,
                        Hongxi and Zhang, Cheng",
      title          = "{Multiple scattering effects on heavy meson production in
                        $p$+$A$ collisions at backward rapidity}",
      journal        = "Phys. Lett. B",
      volume         = "740",
      year           = "2015",
      pages          = "23-29",
      doi            = "10.1016/j.physletb.2014.11.024",
}
%      eprint         = "1409.2494",
%      archivePrefix  = "arXiv",
%      primaryClass   = "hep-ph",
%      reportNumber   = "LA-UR-14-27010",
%      SLACcitation   = "%%CITATION = ARXIV:1409.2494;%%"


@article{Hwa:2002tu,
      author         = "Hwa, Rudolph C. and Yang, C. B.",
      title          = "{Scaling behavior at high $p_T$ and the $p/\pi$ ratio}",
      journal        = "Phys. Rev. C",
      volume         = "67",
      year           = "2003",
      pages          = "034902",
      doi            = "10.1103/PhysRevC.67.034902",
}
%      eprint         = "nucl-th/0211010",
%      archivePrefix  = "arXiv",
%      primaryClass   = "nucl-th",
%      reportNumber   = "OITS-720",
%      SLACcitation   = "%%CITATION = NUCL-TH/0211010;%%"


@article{Hirano:2003pw,
      author         = "Hirano, Tetsufumi and Nara, Yasushi",
      title          = "{Interplay between soft and hard hadronic components for
                        identified hadrons in relativistic heavy ion collisions at
                        RHIC}",
      journal        = "Phys. Rev. C",
      volume         = "69",
      year           = "2004",
      pages          = "034908",
      doi            = "10.1103/PhysRevC.69.034908",
}
%      eprint         = "nucl-th/0307015",
%      archivePrefix  = "arXiv",
%      primaryClass   = "nucl-th",
%      SLACcitation   = "%%CITATION = NUCL-TH/0307015;%%"


@article{Adler:2006hi,
      author         = "Adler, S. S. and others",
      title          = "{Azimuthal angle correlations for rapidity separated
                        hadron pairs in $d$+Au Collisions at $\sqrt_{s_{NN}}$
                        =200 GeV}",
      collaboration  = "PHENIX Collaboration",
      journal        = "Phys. Rev. Lett.",
      volume         = "96",
      year           = "2006",
      pages          = "222301",
      doi            = "10.1103/PhysRevLett.96.222301",
}
%      eprint         = "nucl-ex/0603017",
%      archivePrefix  = "arXiv",
%      primaryClass   = "nucl-ex",
%      SLACcitation   = "%%CITATION = NUCL-EX/0603017;%%"


@article{Adler:2004eh,
      author         = "Adler, S. S. and others",
      title          = "{Nuclear modification factors for hadrons at forward and
                        backward rapidities in deuteron-gold collisions at
                        $\sqrt{s_{NN}}$=200 GeV}",
      collaboration  = "PHENIX Collaboration",
      journal        = "Phys. Rev. Lett.",
      volume         = "94",
      year           = "2005",
      pages          = "082302",
      doi            = "10.1103/PhysRevLett.94.082302",
}
%      eprint         = "nucl-ex/0411054",
%      archivePrefix  = "arXiv",
%      primaryClass   = "nucl-ex",
%      SLACcitation   = "%%CITATION = NUCL-EX/0411054;%%"


@article{Nagle:2018nvi,
      author         = "Nagle, James L. and Zajc, William A.",
      title          = "{Small System Collectivity in Relativistic Hadronic and
                        Nuclear Collisions}",
      journal        = "Ann. Rev. Nucl. Part. Sci.",
      volume         = "68",
      year           = "2018",
      pages          = "211",
      doi            = "10.1146/annurev-nucl-101916-123209",
}
%      eprint         = "1801.03477",
%      archivePrefix  = "arXiv",
%      primaryClass   = "nucl-ex",
%      SLACcitation   = "%%CITATION = ARXIV:1801.03477;%%"


@article{Shen:2016zpp,
      author         = "Shen, Chun and Paquet, Jean-François and Denicol,
                        Gabriel S. and Jeon, Sangyong and Gale, Charles",
      title          = "{Collectivity and electromagnetic radiation in small
                        systems}",
      journal        = "Phys. Rev. C",
      volume         = "95",
      year           = "2017",
      number         = "1",
      pages          = "014906",
      doi            = "10.1103/PhysRevC.95.014906",
}
%      eprint         = "1609.02590",
%      archivePrefix  = "arXiv",
%      primaryClass   = "nucl-th",
%      SLACcitation   = "%%CITATION = ARXIV:1609.02590;%%"


@article{Habich:2014jna,
      author         = "Habich, M. and Nagle, J. L. and Romatschke, P.",
      title          = "{Particle spectra and HBT radii for simulated central
                        nuclear collisions of C+C, Al+Al, Cu+Cu, Au+Au,
                        and Pb+Pb from $\sqrt{s}=62.4$--$2760$ GeV}",
      journal        = "Eur. Phys. J. C",
      volume         = "75",
      year           = "2015",
      number         = "1",
      pages          = "15",
      doi            = "10.1140/epjc/s10052-014-3206-7",
}
%      eprint         = "1409.0040",
%      archivePrefix  = "arXiv",
%      primaryClass   = "nucl-th",
%      SLACcitation   = "%%CITATION = ARXIV:1409.0040;%%"


@article{Adare:2018toe,
      author         = "Adare, A. and others",
      title          = "{Pseudorapidity dependence of particle production and
                        elliptic flow in asymmetric nuclear collisions of
                        $p$$+$Al, $p$$+$Au, $d$$+$Au, and $^{3}$He$+$Au at
                        $\sqrt{s_{_{NN}}}=200$ GeV}",
      collaboration  = "PHENIX Collaboration",
      journal        = "Phys. Rev. Lett.",
      volume         = "121",
      year           = "2018",
      number         = "22",
      pages          = "222301",
      doi            = "10.1103/PhysRevLett.121.222301",
}
%      eprint         = "1807.11928",
%      archivePrefix  = "arXiv",
%      primaryClass   = "nucl-ex",
%      SLACcitation   = "%%CITATION = ARXIV:1807.11928;%%"


@article{Qiu:2004da,
      author         = "Qiu, Jianwei and Vitev, Ivan",
      title          = "{Coherent QCD multiple scattering in proton-nucleus
                        collisions}",
      journal        = "Phys. Lett. B",
      volume         = "632",
      year           = "2006",
      pages          = "507-511",
      doi            = "10.1016/j.physletb.2005.10.073",
}
%      eprint         = "hep-ph/0405068",
%      archivePrefix  = "arXiv",
%      primaryClass   = "hep-ph",
%      SLACcitation   = "%%CITATION = HEP-PH/0405068;%%"


@article{Ashman:1988bf,
      author         = "Ashman, J. and others",
      title          = "{Measurement of the Ratios of Deep Inelastic 
    Muon-Nucleus Cross-Sections on Various Nuclei Compared to Deuterium}",
      collaboration  = "European Muon Collaboration",
      journal        = "Phys. Lett. B",
      volume         = "202",
      year           = "1988",
      pages          = "603-610",
      doi            = "10.1016/0370-2693(88)91872-2",
      reportNumber   = "CERN-EP-88-06",
      SLACcitation   = "%%CITATION = PHLTA,B202,603;%%"
}

@article{Eskola:2016oht,
      author         = "Eskola, Kari J. and Paakkinen, Petja and Paukkunen, Hannu
                        and Salgado, Carlos A.",
      title          = "{EPPS16: Nuclear parton distributions with LHC data}",
      journal        = "Eur. Phys. J. C",
      volume         = "77",
      year           = "2017",
      number         = "3",
      pages          = "163",
      doi            = "10.1140/epjc/s10052-017-4725-9",
}
%      eprint         = "1612.05741",
%      archivePrefix  = "arXiv",
%      primaryClass   = "hep-ph",
%      SLACcitation   = "%%CITATION = ARXIV:1612.05741;%%"


@article{Kovarik:2015cma,
      author         = "Kovarik, K. and others",
      title          = "{nCTEQ15 - Global analysis of nuclear parton
                        distributions with uncertainties in the CTEQ framework}",
      journal        = "Phys. Rev. D",
      volume         = "93",
      year           = "2016",
      number         = "8",
      pages          = "085037",
      doi            = "10.1103/PhysRevD.93.085037",
}
%      eprint         = "1509.00792",
%      archivePrefix  = "arXiv",
%      primaryClass   = "hep-ph",
%      reportNumber   = "LPSC-15-153, MS-TP-15-11, FERMILAB-PUB-15-375-ND-PPD-T",
%      SLACcitation   = "%%CITATION = ARXIV:1509.00792;%%"


@article{McLerran:1993ka,
      author         = "McLerran, Larry D. and Venugopalan, Raju",
      title          = "{Gluon distribution functions for very large nuclei at
                        small transverse momentum}",
      journal        = "Phys. Rev. D",
      volume         = "49",
      year           = "1994",
      pages          = "3352-3355",
      doi            = "10.1103/PhysRevD.49.3352",
}
%      eprint         = "hep-ph/9311205",
%      archivePrefix  = "arXiv",
%      primaryClass   = "hep-ph",
%      reportNumber   = "TPI-MINN-93-52-T, NUC-MINN-93-28-T, UMN-TH-1224-93",
%      SLACcitation   = "%%CITATION = HEP-PH/9311205;%%"


@article{Arsene:2004ux,
      author         = "Arsene, I. and others",
      title          = "{On the evolution of the nuclear modification factors
                        with rapidity and centrality in d$+$Au collisions at
                        $\sqrt{s_{NN}}$=200 GeV}",
      collaboration  = "BRAHMS Collaboration",
      journal        = "Phys. Rev. Lett.",
      volume         = "93",
      year           = "2004",
      pages          = "242303",
      doi            = "10.1103/PhysRevLett.93.242303",
}
%      eprint         = "nucl-ex/0403005",
%      archivePrefix  = "arXiv",
%      primaryClass   = "nucl-ex",
%      SLACcitation   = "%%CITATION = NUCL-EX/0403005;%%"


@article{Adare:2011sc,
      author         = "Adare, A. and others",
      title          = "{Suppression of back-to-back hadron pairs at forward
                        rapidity in $d+$Au Collisions at $\sqrt{s_{NN}}=200$ GeV}",
      collaboration  = "PHENIX Collaboration",
      journal        = "Phys. Rev. Lett.",
      volume         = "107",
      year           = "2011",
      pages          = "172301",
      doi            = "10.1103/PhysRevLett.107.172301",
}
%      eprint         = "1105.5112",
%      archivePrefix  = "arXiv",
%      primaryClass   = "nucl-ex",
%      SLACcitation   = "%%CITATION = ARXIV:1105.5112;%%"


@article{Marquet:2007vb,
      author         = "Marquet, Cyrille",
      title          = "{Forward inclusive dijet production and azimuthal
                        correlations in $pA$ collisions}",
      journal        = "Nucl. Phys. A",
      volume         = "796",
      year           = "2007",
      pages          = "41",
      doi            = "10.1016/j.nuclphysa.2007.09.001",
}
%      eprint         = "0708.0231",
%      archivePrefix  = "arXiv",
%      primaryClass   = "hep-ph",
%      SLACcitation   = "%%CITATION = ARXIV:0708.0231;%%"


@article{Kang:2011bp,
      author         = "Kang, Zhong-Bo and Vitev, Ivan and Xing, Hongxi",
      title          = "{Dihadron momentum imbalance and correlations in $d$+Au
                        collisions}",
      journal        = "Phys. Rev. D",
      volume         = "85",
      year           = "2012",
      pages          = "054024",
      doi            = "10.1103/PhysRevD.85.054024",
}
%      eprint         = "1112.6021",
%      archivePrefix  = "arXiv",
%      primaryClass   = "hep-ph",
%      SLACcitation   = "%%CITATION = ARXIV:1112.6021;%%"


@article{Aidala:2013vna,
      author         = "Aidala, C. and others",
      title          = "{The PHENIX Forward Silicon Vertex Detector}",
      collaboration  = "PHENIX Collaboration",
      journal        = "Nucl. Instrum. Methods Phys. Res., Sec. A",
      volume         = "755",
      year           = "2014",
      pages          = "44-61",
      doi            = "10.1016/j.nima.2014.04.017",
}
%      eprint         = "1311.3594",
%      archivePrefix  = "arXiv",
%      primaryClass   = "physics.ins-det",
%      SLACcitation   = "%%CITATION = ARXIV:1311.3594;%%"


@article{Adcox:2003zm,
      author         = "Adcox, K. and others",
      title          = "{PHENIX detector overview}",
      collaboration  = "PHENIX Collaboration",
      journal        = "Nucl. Instrum. Methods Phys. Res., Sec. A",
      volume         = "499",
      year           = "2003",
      pages          = "469-479",
      doi            = "10.1016/S0168-9002(02)01950-2",
      SLACcitation   = "%%CITATION = NUIMA,A499,469;%%"
}

@article{Allen:2003zt,
      author         = "Allen, M. and others",
      title          = "{PHENIX inner detectors}",
      collaboration  = "PHENIX Collaboration",
      journal        = "Nucl. Instrum. Methods Phys. Res., Sec. A",
      volume         = "499",
      year           = "2003",
      pages          = "549-559",
      doi            = "10.1016/S0168-9002(02)01956-3",
      SLACcitation   = "%%CITATION = NUIMA,A499,549;%%"
}

@article{Adachi:2013qha,
      author         = "Adachi, S. and others",
      title          = "{Trigger electronics upgrade of PHENIX muon tracker}",
      collaboration  = "PHENIX Collaboration",
      journal        = "Nucl. Instrum. Methods Phys. Res., Sec. A",
      volume         = "703",
      year           = "2013",
      pages          = "114-132",
      doi            = "10.1016/j.nima.2012.11.088",
      SLACcitation   = "%%CITATION = NUIMA,A703,114;%%"
}


@article{Sjostrand:2006za,
      author         = "Sj$\ddot{o}$strand, Torbjorn and Mrenna, Stephen and Skands, Peter
                        Z.",
      title          = "{PYTHIA 6.4 Physics and Manual}",
      journal        = "J. High Energy Phys.",
      volume         = "05",
      year           = "2006",
      pages          = "026",
      doi            = "10.1088/1126-6708/2006/05/026",
      reportNumber   = "FERMILAB-PUB-06-052-CD-T, LU-TP-06-13",
}
%      eprint         = "hep-ph/0603175",
%      archivePrefix  = "arXiv",
%      primaryClass   = "hep-ph",
%      SLACcitation   = "%%CITATION = HEP-PH/0603175;%%"


@article{Gyulassy:1994ew,
      author         = "Gyulassy, Miklos and Wang, Xin-Nian",
      title          = "{HIJING 1.0: A Monte Carlo program for parton and
                        particle production in high-energy hadronic and nuclear
                        collisions}",
      journal        = "Comput. Phys. Commun.",
      volume         = "83",
      year           = "1994",
      pages          = "307",
      doi            = "10.1016/0010-4655(94)90057-4",
}
%      eprint         = "nucl-th/9502021",
%      archivePrefix  = "arXiv",
%      primaryClass   = "nucl-th",
%      reportNumber   = "LBL-34246",
%      SLACcitation   = "%%CITATION = NUCL-TH/9502021;%%"


@article{Albacete:2010bs,
      author         = "Albacete, Javier L. and Marquet, Cyrille",
      title          = "{Single Inclusive Hadron Production at RHIC and the LHC
                        from the Color Glass Condensate}",
      journal        = "Phys. Lett. B",
      volume         = "687",
      year           = "2010",
      pages          = "174-179",
      doi            = "10.1016/j.physletb.2010.02.073",
}
%      eprint         = "1001.1378",
%      archivePrefix  = "arXiv",
%      primaryClass   = "hep-ph",
%      SLACcitation   = "%%CITATION = ARXIV:1001.1378;%%"


@article{Adams:2006uz,
      author         = "Adams, J. and others",
      title          = "{Forward neutral pion production in \pp and \dau
                        collisions at \sqsn=200~GeV}",
      collaboration  = "STAR Collaboration",
      journal        = "Phys. Rev. Lett.",
      volume         = "97",
      year           = "2006",
      pages          = "152302",
      doi            = "10.1103/PhysRevLett.97.152302",
}
%      eprint         = "nucl-ex/0602011",
%      archivePrefix  = "arXiv",
%      primaryClass   = "nucl-ex",
%      SLACcitation   = "%%CITATION = NUCL-EX/0602011;%%"



@article{Adare:2012px,
      author         = "Adare, A. and others",
      title          = "{Nuclear-Modification Factor for Open-Heavy-Flavor
                        Production at Forward Rapidity in Cu$+$Cu Collisions at
                        $\sqrt{s_{NN}}=200$ GeV}",
      collaboration  = "PHENIX Collaboration",
      journal        = "Phys. Rev. C",
      volume         = "86",
      year           = "2012",
      pages          = "024909",
      doi            = "10.1103/PhysRevC.86.024909",
}
%      eprint         = "1204.0754",
%      archivePrefix  = "arXiv",
%      primaryClass   = "nucl-ex",
%      SLACcitation   = "%%CITATION = ARXIV:1204.0754;%%"


@article{Arsene:2007jd,
      author         = "Arsene, I. and others",
      title          = "{Production of mesons and baryons at high rapidity and
                        high \pt in proton-proton collisions at \sqs=200 GeV
                        }",
      collaboration  = "BRAHMS Collaboration",
      journal        = "Phys. Rev. Lett.",
      volume         = "98",
      year           = "2007",
      pages          = "252001",
      doi            = "10.1103/PhysRevLett.98.252001",
}
%      eprint         = "hep-ex/0701041",
%      archivePrefix  = "arXiv",
%      primaryClass   = "hep-ex",
%      SLACcitation   = "%%CITATION = HEP-EX/0701041;%%"


%%%%%%%%%%%%%%%%%%%%%%%%%%%%%%%%%%%%%%%%%%%%%%%%%%%%%%%%%%%%%%%%%%%%%%%%%%%%%%%%%%%%%%%%%%%%%


@article{Okada:2005gu,
      author         = "Okada, H. and others",
      title          = "{Measurement of the analyzing power in pp elastic
                        scattering in the peak CNI region at RHIC}",
      journal        = "Phys. Lett. B",
      volume         = "638",
      year           = "2006",
      pages          = "450-454",
      doi            = "10.1016/j.physletb.2006.06.008",
      SLACcitation   = "%%CITATION = NUCL-EX/0502022;%%"
}
%      eprint         = "nucl-ex/0502022",
%      archivePrefix  = "arXiv",
%      primaryClass   = "nucl-ex",



@article{Adare:2010de,
      author         = "Adare, A. and others",
      title          = "{Heavy Quark Production in $p+p$ and Energy Loss and Flow
                        of Heavy Quarks in Au+Au Collisions at $\sqrt{s_{NN}}=200$
                        GeV}",
      collaboration  = "PHENIX Collaboration",
      journal        = "Phys. Rev. C",
      volume         = "84",
      year           = "2011",
      pages          = "044905",
      doi            = "10.1103/PhysRevC.84.044905",
      SLACcitation   = "%%CITATION = ARXIV:1005.1627;%%"
}
%      eprint         = "1005.1627",
%      archivePrefix  = "arXiv",
%      primaryClass   = "nucl-ex",



@article{Adler:2006bv,
      author         = "Adler, S. S. and others",
      title          = "{High transverse momentum $\eta$ meson production in $p^+
                        p$, $d^+$ Au and Au+Au collisions at $S(NN) ^{(1/2)}$ =
                        200-GeV}",
      collaboration  = "PHENIX Collaboration",
      journal        = "Phys. Rev. C",
      volume         = "75",
      year           = "2007",
      pages          = "024909",
      doi            = "10.1103/PhysRevC.75.024909",
      SLACcitation   = "%%CITATION = NUCL-EX/0611006;%%"
}
%      eprint         = "nucl-ex/0611006",
%      archivePrefix  = "arXiv",
%      primaryClass   = "nucl-ex",




@article{Adare:2012qf,
      author         = "Adare, A. and others",
      title          = "{Transverse-Momentum Dependence of the $J/\psi$ Nuclear
                        Modification in $d+$Au Collisions at $\sqrt{s_{NN}}=200$
                        GeV}",
      collaboration  = "PHENIX Collaboration",
      journal        = "Phys. Rev. C",
      volume         = "87",
      year           = "2013",
      number         = "3",
      pages          = "034904",
      doi            = "10.1103/PhysRevC.87.034904",
      SLACcitation   = "%%CITATION = ARXIV:1204.0777;%%"
}
%      eprint         = "1204.0777",
%      archivePrefix  = "arXiv",
%      primaryClass   = "nucl-ex",

@article{Adare:2011vq,
      author         = "Adare, A. and others",
      title          = "{Ground and excited charmonium state production in $p+p$
                        collisions at $\sqrt{s}=200$ GeV}",
      collaboration  = "PHENIX Collaboration",
      journal        = "Phys. Rev. D",
      volume         = "85",
      year           = "2012",
      pages          = "092004",
      doi            = "10.1103/PhysRevD.85.092004",
      SLACcitation   = "%%CITATION = ARXIV:1105.1966;%%"
}
%      eprint         = "1105.1966",
%      archivePrefix  = "arXiv",
%      primaryClass   = "hep-ex",

@article{Acosta:2005mq,
      author         = "Acosta, D. and others",
      title          = "{Measurement of $b$ hadron masses in exclusive $J/\psi$
                        decays with the CDF detector}",
      collaboration  = "CDF Collaboration",
      journal        = "Phys. Rev. Lett.",
      volume         = "96",
      year           = "2006",
      pages          = "202001",
      doi            = "10.1103/PhysRevLett.96.202001",
      reportNumber   = "FERMILAB-PUB-05-316-E",
      SLACcitation   = "%%CITATION = HEP-EX/0508022;%%"
}
%      eprint         = "hep-ex/0508022",
%      archivePrefix  = "arXiv",
%      primaryClass   = "hep-ex",



@article{Cacciari:1998it,
      author         = "Cacciari, Matteo and Greco, Mario and Nason, Paolo",
      title          = "{The $p_T$ spectrum in heavy flavor hadroproduction}",
      journal        = "J. High Energy Phys.",
      volume         = "05",
      year           = "1998",
      pages          = "007",
      doi            = "10.1088/1126-6708/1998/05/007",
      reportNumber   = "CERN-TH-98-77, LPTHE-ORSAY-98-11, IFUM-613-FT,
                        LNF-98-008-P",
      SLACcitation   = "%%CITATION = HEP-PH/9803400;%%"
}
%      eprint         = "hep-ph/9803400",
%      archivePrefix  = "arXiv",
%      primaryClass   = "hep-ph",


@article{Airapetian:2010ds,
      author         = "Airapetian, A. and others",
      title          = "{Effects of transversity in deep-inelastic scattering by
                        polarized protons}",
      collaboration  = "HERMES Collaboration",
      journal        = "Phys. Lett. B",
      volume         = "693",
      year           = "2010",
      pages          = "11",
      doi            = "10.1016/j.physletb.2010.08.012",
      reportNumber   = "DESY-10-087",
      SLACcitation   = "%%CITATION = ARXIV:1006.4221;%%"
}
%      eprint         = "1006.4221",
%      archivePrefix  = "arXiv",
%      primaryClass   = "hep-ex",

@article{Adolph:2012sn,
      author         = "Adolph, C. and others",
      title          = "{Experimental investigation of transverse spin
                        asymmetries in $\mu-p$ SIDIS processes: Collins
                        asymmetries}",
      collaboration  = "COMPASS Collaboration",
      journal        = "Phys. Lett. B",
      volume         = "717",
      year           = "2012",
      pages          = "376-382",
      doi            = "10.1016/j.physletb.2012.09.055",
      reportNumber   = "CERN-PH-EP-2012-146",
      SLACcitation   = "%%CITATION = ARXIV:1205.5121;%%"
}
%      eprint         = "1205.5121",
%      archivePrefix  = "arXiv",
%      primaryClass   = "hep-ex",

@article{Qian:2011py,
      author         = "Qian, X. and others",
      title          = "{Single Spin Asymmetries in Charged Pion Production from
                        Semi-Inclusive Deep Inelastic Scattering on a Transversely
                        Polarized $^3$He Target}",
      collaboration  = "Jefferson Lab Hall A Collaboration",
      journal        = "Phys. Rev. Lett.",
      volume         = "107",
      year           = "2011",
      pages          = "072003",
      doi            = "10.1103/PhysRevLett.107.072003",
      reportNumber   = "JLAB-PHY-11-1332",
      SLACcitation   = "%%CITATION = ARXIV:1106.0363;%%"
}
%      eprint         = "1106.0363",
%      archivePrefix  = "arXiv",
%      primaryClass   = "nucl-ex",

@article{Brodsky:2012vg,
      author         = "Brodsky, S. J. and Fleuret, F. and Hadjidakis, C. and
                        Lansberg, J. P.",
      title          = "{Physics Opportunities of a Fixed-Target Experiment using
                        the LHC Beams}",
      journal        = "Phys. Rept.",
      volume         = "522",
      year           = "2013",
      pages          = "239-255",
      doi            = "10.1016/j.physrep.2012.10.001",
      reportNumber   = "SLAC-PUB-14878",
      SLACcitation   = "%%CITATION = ARXIV:1202.6585;%%"
}
%      eprint         = "1202.6585",
%      archivePrefix  = "arXiv",
%      primaryClass   = "hep-ph",


@article{Sivers:1989cc,
      author         = "Sivers, Dennis W.",
      title          = "{Single Spin Production Asymmetries from the Hard
                        Scattering of Point-Like Constituents}",
      journal        = "Phys. Rev. D",
      volume         = "41",
      year           = "1990",
      pages          = "83",
      doi            = "10.1103/PhysRevD.41.83",
      reportNumber   = "ANL-HEP-PR-89-32",
      SLACcitation   = "%%CITATION = PHRVA,D41,83;%%"
}
@article{Sivers:1990fh,
      author         = "Sivers, Dennis W.",
      title          = "{Hard scattering scaling laws for single spin production
                        asymmetries}",
      journal        = "Phys. Rev. D",
      volume         = "43",
      year           = "1991",
      pages          = "261",
      doi            = "10.1103/PhysRevD.43.261",
      reportNumber   = "ANL-HEP-PR-90-55",
      SLACcitation   = "%%CITATION = PHRVA,D43,261;%%"
}

@article{Lansberg:2006dh,
      author         = "Lansberg, J. P.",
      title          = "{$J/\psi$, $\psi$ ' and $\upsilon$ production at hadron
                        colliders: A Review}",
      journal        = "Int. J. Mod. Phys. A",
      volume         = "21",
      year           = "2006",
      pages          = "3857-3916",
      doi            = "10.1142/S0217751X06033180",
      SLACcitation   = "%%CITATION = HEP-PH/0602091;%%"
}
%      eprint         = "hep-ph/0602091",
%      archivePrefix  = "arXiv",
%      primaryClass   = "hep-ph",
@article{Yuan:2008vn,
      author         = "Yuan, Feng",
      title          = "{Heavy Quarkonium Production in Single Transverse
                        Polarized High Energy Scattering}",
      journal        = "Phys. Rev. D",
      volume         = "78",
      year           = "2008",
      pages          = "014024",
      doi            = "10.1103/PhysRevD.78.014024",
      reportNumber   = "RBRC-717, LBNL-63751",
      SLACcitation   = "%%CITATION = ARXIV:0801.4357;%%"
}
%      eprint         = "0801.4357",
%      archivePrefix  = "arXiv",
%      primaryClass   = "hep-ph",

@article{Fujii:2015lld,
      author         = "Fujii, Hirotsugu and Watanabe, Kazuhiro",
      title          = "{Leptons from heavy-quark semileptonic decay in p A
                        collisions within the CGC framework}",
      journal        = "Nucl. Phys. A",
      volume         = "951",
      year           = "2016",
      pages          = "45-59",
      doi            = "10.1016/j.nuclphysa.2016.03.045",
      reportNumber   = "UT-KOMABA-15-8",
      SLACcitation   = "%%CITATION = ARXIV:1511.07698;%%"
}
%      eprint         = "1511.07698",
%      archivePrefix  = "arXiv",
%      primaryClass   = "hep-ph",

@article{Aidala:2017yte,
      author         = "Aidala, C. and others",
      title          = "{$B$-meson production at forward and backward rapidity in
                        $p$$+$$p$ and Cu$+$Au collisions at $\sqrt{s_{NN}}=200$
                        GeV}",
      collaboration  = "PHENIX Collaboration",
      journal        = "Phys. Rev. C",
      volume         = "96",
      year           = "2017",
      number         = "6",
      pages          = "064901",
      doi            = "10.1103/PhysRevC.96.064901",
}
%      eprint         = "1702.01085",
%      archivePrefix  = "arXiv",
%      primaryClass   = "nucl-ex",
%      SLACcitation   = "%%CITATION = ARXIV:1702.01085;%%"


@article{Aidala:2017iad,
      author         = "Aidala, C. and others",
      title          = "{Measurements of $B \rightarrow J/\psi$ at forward
                        rapidity in $p$$+$$p$ collisions at $\sqrt{s}=510$ GeV}",
      collaboration  = "PHENIX Collaboration",
      journal        = "Phys. Rev. D",
      volume         = "95",
      year           = "2017",
      number         = "9",
      pages          = "092002",
      doi            = "10.1103/PhysRevD.95.092002",
}
%      eprint         = "1701.01342",
%      archivePrefix  = "arXiv",
%      primaryClass   = "hep-ex",
%      SLACcitation   = "%%CITATION = ARXIV:1701.01342;%%"



@article{Drees:2003zza,
      author         = "Drees, A. and Fox, B. and Xu, Z. and Huang, H.",
      title          = "{Results from Vernier Scans at RHIC during the $pp$ Run
                        2001-2002}",
      journal        = "Conf. Proc. C",
      volume         = "030512",
      year           = "2003",
      pages          = "1688",
      note           = "{Particle Accelerator Conference, PAC 2003,
                        Portland, USA, May 12-16, 2003}",
      reportNumber   = "PAC03-TPPB032",
      SLACcitation   = "%%CITATION = CONFP,C030512,1688;%%"
}
